3046 5214
743 337 793 398 65.

205 523 340 617 mutatos
369 538 436 583 esse
458 519 538 584 duos
561 519 780 603 philosophos,
805 540 907 602 ponas
931 539 1058 584 neeesse
1081 523 1139 596 est,
1164 519 1189 580 si
1214 517 1314 581 Muel-

208 628 269 696 lero
291 633 480 696 assentiaris
505 632 557 714 (oi.
581 633 660 697 M.S.
683 652 714 716 p.
742 635 782 695 92
806 634 874 716 sq.).

245 744 373 810 Haereo
405 746 507 830 igitur
537 765 645 831 neque
668 748 744 826 seio,
768 752 881 811 utrum
903 746 1079 810 Fritzsehii
1104 745 1314 827 argumentis,

204 877 267 924 non
301 860 399 924 oertis
423 860 553 944 quidem
576 860 630 924 sed
653 861 795 944 profecto
821 880 890 925 non
915 861 1105 944 spernendis
1127 860 1251 938 eadam,
1274 877 1317 921 an

200 973 448 1038 scholiastarnm
471 974 633 1039 bonorum
658 975 855 1039 auctoritati.

244 1085 288 1151 At
318 1088 345 1150 si
370 1088 419 1150 his
441 1087 605 1153 fidendum
628 1093 686 1168 est,
711 1088 834 1152 Avium
856 1086 948 1152 loeus
970 1088 1038 1152 alia
1061 1088 1191 1153 ratione
1214 1087 1318 1170 expli·

199 1201 322 1266 eandus
345 1207 408 1266 est:
433 1198 560 1279 „Hodie
583 1202 690 1266 edicta
713 1221 770 1266 vos
793 1201 1008 1286 promulgatis
1030 1203 1067 1264 in
1080 1202 1264 1285 ,Diagoram
1286 1205 1319 1265 et

198 1313 233 1378 in
268 1319 428 1399 tyrannos
450 1352 493 1364 —
517 1317 552 1379 in
586 1321 727 1381 mortuos
750 1316 883 1394 seilicet,
908 1316 930 1379 i.
944 1335 971 1380 e.
996 1335 1056 1380 neo
1080 1313 1237 1400 Diagoras
1261 1315 1319 1380 ille

198 1447 260 1494 neo
282 1430 358 1508 viri,
383 1451 462 1514 quos
488 1431 697 1512 tyrannidem
719 1435 830 1514 petere
854 1431 1076 1514 suspicamini,
1101 1431 1205 1514 magis
1225 1431 1318 1495 vobis

199 1545 369 1609 nocebunt
390 1564 487 1628 quam
507 1541 733 1609 Pisistratidas
746 1545 937 1609 iamdudum
950 1541 1101 1609 mortui.''
1112 1540 1179 1608 Cur
1191 1545 1318 1628 patriae

196 1675 319 1722 nomen
353 1658 515 1722 addiderit
548 1663 654 1742 poeta,
690 1659 770 1722 dues
804 1678 917 1723 causas
949 1658 1136 1741 excogitare
1168 1677 1317 1741 possum3

197 1775 259 1835 aut
292 1771 381 1835 enim
416 1772 619 1836 decretorum
653 1773 818 1855 copiosum
852 1772 964 1836 stilum
998 1772 1144 1836 imitatus
1175 1776 1235 1850 est,
1259 1777 1317 1836 aut

197 1885 290 1967 turpi
322 1884 380 1950 illo
411 1887 604 1969 eognomine
616 1882 641 1968 ¹)
667 1883 829 1968 Diagorae
852 1885 976 1968 peooati
1001 1884 1175 1951 admonere
1199 1885 1315 1950 voluit.

243 1996 319 2062 Non
354 2005 464 2062 tamen
495 2018 615 2083 negare
645 2019 786 2082 possum,
816 1999 989 2063 Fritzsehii
1013 2000 1316 2083 interpretationem

202 2111 384 2178 laeviorem
408 2133 484 2177 esse.

234 2369 260 2435 1)
279 2368 394 2430 Seilioet,
412 2369 483 2440 quod
492 2371 570 2439 turpe
584 2368 696 2424 duoebat
710 2369 819 2439 vulgus;
828 2369 914 2437 ipsum
924 2384 984 2423 vero
994 2370 1196 2439 Aristophanem
1206 2370 1317 2424 nimium

195 2458 252 2515 tale
269 2459 358 2515 odium
375 2461 574 2528 existimavisse,
592 2460 783 2516 demonstravit
800 2461 861 2515 M.S.
879 2477 904 2529 p.
924 2461 971 2516 102
989 2478 1048 2532 sqq.
