3046 5214
738 348 777 408 20

195 539 316 601 factam
351 557 429 616 esse,
465 537 564 601 efficit
597 532 688 613 M.S.,
726 535 780 599 vel
812 536 930 617 potius,
963 533 1036 599 festi
1059 534 1320 598 celebrationem

195 651 360 715 distulisse
382 649 659 714 Lacedaemonios
684 647 733 731 (ut
756 653 868 731 postea
892 647 1166 730 Gymnopaedia).

240 766 359 843 „Patet
381 765 470 829 enim
497 765 555 846 (ait
578 764 612 826 in
638 761 751 827 Museo
776 763 961 845 Rhenano),
981 763 1051 825 fieri
1074 782 1141 825 nou
1163 762 1323 845 potuisse,

195 883 232 942 ut
265 886 338 961 post
367 897 524 961 pugnam,
557 896 633 940 curn
665 896 779 940 omnes
814 878 919 940 hostes
942 877 1051 939 denuo
1075 876 1321 951 convenissent,

195 992 270 1055 Elei
304 992 413 1056 denuo
447 1011 481 1055 se
511 991 750 1067 adiunxissent,
784 1009 872 1054 nova
904 989 1159 1053 Atheniensium
1191 989 1323 1051 auxilia

195 1107 414 1186 advenissent,
451 1106 558 1189 quieti
593 1106 710 1169 festum
746 1124 844 1167 suum
881 1109 1016 1187 agerent
1051 1103 1320 1167 Lacedaemonii.

195 1221 269 1284 Imo
292 1221 406 1284 statim
434 1225 508 1302 post
532 1219 707 1282 victoriam
732 1218 898 1281 celebrare
921 1223 1110 1300 coeperunt,
1136 1217 1253 1281 deinde
1279 1218 1321 1280 de

194 1334 340 1417 periculo
375 1334 529 1397 certiores
566 1332 643 1395 facti
676 1331 864 1394 distulerint
894 1350 1023 1395 necesse
1055 1336 1112 1409 est,
1138 1331 1218 1393 dum
1241 1330 1319 1413 Epi-

196 1448 337 1512 daurum
364 1448 554 1511 munientes
579 1447 686 1510 hostes
709 1443 891 1510 viderent.''
915 1445 967 1509 Ita
985 1465 1055 1509 rem
1079 1445 1219 1528 explicat
1238 1443 1322 1507 Ma.

239 1562 283 1626 At
309 1582 439 1646 prorsus
461 1582 529 1625 non
553 1560 721 1643 intellego,
745 1560 912 1642 quomodo
936 1560 1013 1623 inde
1037 1559 1165 1637 efficiat,
1191 1560 1226 1621 in
1251 1560 1320 1622 fine

196 1676 319 1739 mensis
350 1694 497 1758 pugnam
525 1675 645 1737 factam
671 1693 748 1736 esse.
773 1671 888 1755 Neque
912 1673 952 1737 de
976 1673 1057 1736 festo
1082 1673 1185 1736 dilato
1211 1691 1319 1735 assen-

195 1790 253 1853 tiri
285 1789 316 1852 ei
341 1808 485 1871 possum,
509 1808 585 1851 cum
610 1786 693 1849 nihil
718 1787 784 1850 tale
808 1787 896 1850 dicat
919 1785 1135 1868 Thucydides,
1161 1787 1216 1850 sed
1240 1786 1318 1848 sim·

195 1903 337 1986 plicibus
360 1902 469 1966 verbis
492 1921 561 1965 rem
586 1905 706 1964 narret.
728 1899 854 1982 Neque,
875 1905 965 1984 puto,
986 1900 1064 1964 Ma.
1087 1901 1120 1963 id
1133 1902 1319 1983 suspicatus

196 2021 288 2094 esset,
322 2016 387 2078 nisi
425 2017 475 2092 76,
511 2017 527 2077 l
560 2034 599 2078 ea
630 2014 731 2078 verba
763 2011 872 2095 (ἐπειδὴ
895 2051 939 2061 -
961 2010 1089 2098 ἤγαγον)
1116 2015 1318 2094 invenisset;

195 2149 282 2212 quae
306 2135 418 2193 tamen
442 2128 591 2211 Krueger
613 2126 683 2191 iure
707 2125 828 2191 delevit
836 2153 845 2205 ;
871 2146 949 2189 nam
974 2128 1045 2192 sine
1069 2127 1137 2191 ullo
1157 2128 1268 2205 dubio,
1289 2129 1318 2190 si

195 2262 235 2307 ea
269 2243 447 2326 scripsisset
477 2240 693 2324 Thucydides,
724 2240 916 2306 addidisset:
948 2261 1057 2324 „quae
1088 2241 1317 2304 distulerant.”
1417 2302 1419 2307 .

196 2356 306 2440 Atque
329 2358 357 2420 si
381 2362 459 2421 ante
481 2357 646 2440 proelium
666 2357 733 2420 fere
753 2362 840 2420 totus
862 2358 982 2420 mensis
994 2357 1225 2439 praeteriisset,
1238 2362 1318 2420 ante

195 2470 429 2555 Spartanorum
463 2472 607 2535 reditum
633 2470 663 2552 (7
670 2471 699 2547 5,
726 2472 756 2554 2)
782 2471 855 2534 festi
880 2471 974 2533 dilati
1000 2471 1202 2534 mentionem
1226 2471 1318 2534 secis-

196 2591 255 2662 set,
289 2586 418 2668 opinor.
449 2585 619 2649 Postremo
655 2605 723 2648 non
753 2585 919 2668 intellego,
950 2585 1116 2667 quomodo
1149 2585 1329 2648 sociorum

195 2699 365 2775 exercitus,
394 2699 422 2761 si
454 2699 607 2782 Spartani
639 2698 720 2762 festo
744 2698 848 2762 dilato
871 2699 989 2779 egressi
1013 2704 1101 2776 sunt,
1125 2718 1193 2761 non
1219 2699 1316 2762 nrodo

196 2832 262 2876 non
292 2813 527 2896 pugnaverint,
559 2812 615 2876 sed
639 2813 752 2875 statim
777 2817 949 2895 postquam
975 2817 1215 2890 convenerunt,
1242 2810 1316 2896 Epi·

196 2924 336 2988 daurum
360 2925 554 3007 abierint1).

240 3041 284 3103 Et
318 3040 387 3122 ipse
417 3037 506 3116 M.S.,
537 3059 612 3103 cum
638 3040 674 3101 in
698 3039 913 3120 inscriptione
938 3060 969 3103 v.
997 3040 1036 3100 lt
1061 3041 1226 3104 tricesimo
1250 3041 1317 3104 diei

196 3154 409 3217 undecimum
443 3153 646 3237 praetulerit,
678 3153 875 3234 hypothesin
900 3173 993 3216 snam
1018 3153 1058 3216 de
1082 3173 1214 3236 pugnae
1238 3159 1317 3218 tem·

196 3285 274 3348 pore
297 3266 427 3330 abicere
451 3266 573 3330 debuit.

240 3377 375 3473 Classen
408 3379 607 3443 Muellerum
632 3380 845 3463 impugnavit
868 3384 900 3444 et
923 3381 1012 3463 qnod
1035 3381 1113 3444 inde
1137 3382 1200 3444 viri
1224 3382 1316 3463 inge·

196 3496 291 3558 nium
324 3496 449 3577 optime
480 3495 630 3578 cognosci
662 3498 780 3576 potest,
808 3495 848 3559 de
872 3495 922 3574 iis,
946 3515 1031 3578 quae
1055 3496 1186 3575 obiecit,
1211 3515 1317 3578 pauca

196 3610 315 3675 dicam.

241 3725 299 3787 Est
323 3725 412 3788 enim
443 3725 496 3787 vir
521 3743 661 3807 magnae
683 3725 862 3803 doctrinae,
886 3726 943 3808 qui
968 3725 1150 3807 permultas
1169 3723 1317 3808 reslege·

196 3838 240 3900 rit
262 3843 296 3901 et
319 3839 479 3902 memoria
504 3842 614 3901 teneat
622 3863 631 3915 ;
655 3840 709 3902 sed
733 3840 820 3921 quod
842 3840 883 3902 ad
905 3842 1050 3902 mentem
1071 3857 1187 3901 sanam
1211 3836 1317 3902 Muel-

197 3950 267 4015 lero
291 3951 394 4015 multo
418 3952 556 4015 inferior
580 3957 637 4016 est.
664 3952 713 4016 Ad
736 3953 820 4017 illud
843 3971 945 4033 genus
970 3953 1117 4016 virorum
1144 3953 1315 4016 doctorum

195 4066 360 4148 pertinere
396 4047 480 4128 mihi
515 4066 657 4144 videtur,
692 4067 811 4150 quibus
844 4067 944 4130 moris
975 4071 1023 4130 est
1056 4067 1317 4151 simplicissimas

195 4197 256 4256 res,
280 4179 460 4243 sententias
480 4180 675 4263 perspicuas,
696 4180 895 4244 anacolutha
907 4180 1163 4263 haudquaquam
1177 4181 1318 4245 obscura

195 4356 342 4368 *-

230 4460 257 4526 1)
282 4459 363 4513 Thuc.
389 4457 422 4526 V,
449 4460 489 4522 75,
514 4459 708 4522 5ἐστράτενσαν
725 4458 792 4518 εὐθὺς
809 4457 847 4510 ἐπ’
867 4460 1011 4524 Ἐπίδαυρον,
1031 4463 1076 4521 ἕως
1093 4464 1118 4512 οἱ
1132 4461 1317 4525 Λακεδαιμόνιοι

195 4553 294 4617 Κάρνεια
311 4551 376 4617 ἦγον.
