3328 5396
746 457 788 517 99

201 636 306 700 aciem
335 638 508 719 significat,
533 639 649 704 deinde
673 639 796 717 locum,
820 641 860 704 de
885 661 959 724 quo,
984 643 1261 726 quodeunquain
1286 663 1323 709 eo

200 751 254 827 sit,
287 751 341 813 vel
373 751 439 814 levi
467 758 619 816 contactu
647 760 786 831 motum,
812 754 985 819 delabatur
1012 757 1252 837 („momentum
1278 759 1325 821 la-

202 863 289 927 bile''
312 884 333 927 a
353 866 497 946 physicis
517 869 678 951 vocatur).
701 869 817 952 Itaque
840 871 984 934 hominis
1005 874 1123 936 aetatis
1136 871 1323 949 ἀκμὺνὶιιοο

201 995 256 1040 eos
278 997 384 1042 annos
407 999 525 1044 vocare
551 999 735 1063 possumus,
760 1003 817 1064 per
839 1002 922 1066 quos
944 987 1131 1050 maximum
1154 991 1202 1050 est
1213 988 1323 1066 robur,

201 1091 416 1156 fortissimum
450 1113 583 1177 corpus,
620 1115 698 1158 nam
724 1115 865 1179 eousque
892 1105 1069 1164 creverunt
1092 1101 1188 1179 vires,
1213 1107 1326 1184 postca

202 1209 314 1268 autem
346 1207 607 1271 imminuuntur.
640 1209 683 1272 nt
711 1209 824 1274 eodem
852 1211 948 1275 modo
975 1213 1188 1292 trumentum,
1213 1213 1324 1298 quoad

202 1319 318 1396 viride,
344 1319 441 1398 forte,
460 1326 607 1385 ereetum
631 1320 681 1400 sit,
703 1321 835 1403 ἕνοέκμῆ
856 1343 889 1388 se
909 1342 987 1404 essa,
1007 1325 1115 1408 ipsum
1128 1326 1326 1392 contendere

202 1439 318 1516 posset.
346 1433 389 1498 At
414 1434 562 1500 homines
585 1441 674 1516 sunt,
700 1438 757 1519 qui
783 1437 983 1502 locutionem
1010 1439 1213 1504 invenerunt
1233 1447 1267 1504 et
1286 1441 1328 1504 ad
1416 1439 1419 1444 '

203 1534 408 1613 trumentum
446 1547 693 1615 transtulerunt.
730 1548 965 1632 Quaerendum
1004 1554 1108 1636 igitur
1142 1559 1199 1634 est,
1236 1574 1322 1639 quae

203 1662 392 1726 hominibus
426 1662 586 1727 frumenti
621 1669 710 1728 aetas
742 1665 870 1748 optima
902 1684 970 1730 esse
1001 1666 1161 1746 videatur,
1193 1668 1326 1751 quando

203 1772 271 1837 illis
301 1795 432 1840 summo
460 1776 503 1840 sit
525 1777 717 1856 commod03
740 1796 813 1842 eam
839 1778 928 1842 enim
954 1797 1009 1842 eos
1031 1777 1132 1856 stapha
1157 1780 1329 1844 vacavisse

203 1889 362 1954 credibile
387 1896 445 1955 est.

247 2002 419 2069 Neminem
446 2009 558 2069 autem
583 2005 675 2084 latet,
699 2004 857 2072 frumenti
884 2009 977 2072 flores
1001 2008 1134 2072 nonnisi
1158 2027 1178 2070 a
1202 2007 1328 2072 botani-

203 2119 250 2182 eis
272 2118 396 2202 colligi,
421 2120 525 2203 spicas
545 2139 622 2184 vero
642 2120 765 2203 gilvas,
783 2119 916 2185 seminis
936 2141 1034 2185 onere
1046 2126 1211 2199 curvatas,
1224 2141 1326 2201 senes,
1361 2185 1365 2196 ,

204 2231 318 2296 ceteris
344 2233 535 2298 hominibus
559 2233 601 2298 ad
619 2234 856 2318 perlectionem
869 2237 893 2319 1)
909 2237 1037 2300 venisse
1050 2236 1156 2300 videri
1168 2242 1201 2300 et
1213 2237 1327 2300 sedulo

205 2346 338 2412 demeti.
373 2344 483 2427 Quid?
517 2366 630 2412 nonne
662 2347 774 2412 codem
806 2348 901 2412 modo
935 2353 1014 2412 tunc
1044 2348 1179 2413 demum
1206 2347 1328 2412 maturi

205 2479 274 2525 esse
304 2460 461 2525 dicuntur
484 2461 618 2540 fructus,
645 2481 720 2525 oum
745 2462 779 2525 in
805 2480 843 2526 eo
864 2467 951 2539 sunt,
977 2463 1071 2526 utin
1097 2467 1219 2527 terram
1245 2461 1328 2528 deci·
1391 2541 1396 2551 1

204 2573 305 2638 dant?
340 2572 423 2655 Quis
459 2581 575 2640 contra
611 2576 786 2640 mulierem
822 2576 1081 2658 sexagenariam,
1117 2573 1325 2660 decrepitam,
1421 2564 1426 2575 ’

205 2688 266 2752 hoc
296 2688 439 2772 epitheto
472 2708 591 2753 ornare
622 2689 736 2754 mallet
766 2709 868 2772 quam
894 2688 1013 2772 viginti
1038 2681 1201 2754 annorum
1226 2690 1353 2784 virgi3

203 2800 305 2866 nemi
325 2802 370 2866 Ut
388 2803 552 2868 vocabula
571 2803 713 2867 Batava:
735 2800 865 2879 „bloei”
885 2809 918 2867 at
939 2791 1121 2885 „rijpheid”
1133 2821 1323 2885 synonyma

203 2922 291 2994 sunt,
325 2917 353 2980 si
387 2917 427 2981 de
462 2914 594 2982 homine
625 2918 793 2996 dicuntur,
831 2923 982 2982 attamen
1019 2916 1107 3001 quod
1144 2918 1187 2980 ad
1218 2917 1325 3000 fruges

205 3049 324 3114 magno
359 3035 555 3114 separantur
589 3030 778 3109 intervallo,
815 3031 864 3094 ita
898 3027 983 3107 ἀκμὴ
1005 3030 1046 3094 de
1070 3030 1208 3094 homine
1231 3034 1264 3094 et
1287 3029 1327 3094 de

202 3145 368 3209 trumeuto
393 3145 481 3210 dicta
506 3146 643 3211 eandem
667 3147 943 3230 significationem
968 3145 1089 3209 habere
1112 3145 1238 3228 nequit.

249 3256 365 3346 Neque
409 3259 573 3343 explicare
610 3279 750 3344 possum,
791 3259 957 3344 quomodo
991 3258 1233 3342 Peloponnesii,
1269 3259 1329 3342 qui

205 3367 277 3451 (IV,
303 3373 335 3455 2)
359 3367 425 3450 πρὶν
448 3372 497 3436 τὸν
520 3378 600 3436 σῖτον
627 3373 656 3436 ἒν
679 3372 764 3453 dach
789 3366 858 3435 οἶνοι
882 3373 1087 3448 invaserunt,
1114 3373 1197 3436 hanc
1221 3372 1327 3455 ipsam

204 3485 246 3548 ob
276 3504 408 3550 causam
440 3483 521 3549 κοτδο
551 3482 648 3566 τάχος
671 3486 791 3551 abiisse
816 3486 882 3550 dici
906 3487 1032 3572 possint
1046 3485 1082 3567 ⁹),
1106 3487 1170 3549 uisi
1193 3485 1331 3549 maturi·

205 3602 306 3662 tatem
332 3599 495 3682 significat
517 3597 613 3677 ἀκμή.

249 3713 277 3775 E
300 3713 454 3796 plurimis
479 3720 593 3779 autem
613 3715 829 3798 scriptoribus
848 3715 1079 3778 annotationes
1092 3713 1232 3778 contulit
1248 3713 1328 3779 Me.

204 3828 245 3892 de
279 3826 413 3911 frugum
449 3829 642 3893 maturitate
677 3835 710 3894 et
739 3829 836 3893 messi
862 3829 898 3892 in
923 3828 1064 3892 Graecia
1091 3827 1133 3911 (p.
1159 3827 1221 3890 590
1246 3828 1329 3912 sq.);

200 4099 204 4108 ·
239 4087 264 4150 1)
291 4084 336 4138 Ita
360 4083 425 4138 dicit
450 4083 646 4153 Theophrastus
673 4083 745 4140 Hist.
772 4083 861 4139 Plant.
879 4086 903 4150 8,
923 4085 946 4150 2,
965 4085 995 4138 5:
1014 4086 1079 4147 μιτλ
1098 4083 1124 4135 a
1143 4084 1187 4142 τὴν
1204 4063 1346 4142 astatus-a

205 4176 415 4238 ἁδρύνοντοοο
434 4176 724 4227 κοῒτολεοοῦντοιο
744 4177 930 4239 superponat
950 4175 1019 4238 κριθή.

239 4270 265 4336 2)
281 4267 341 4321 Vid.
361 4283 415 4336 cap.
433 4269 463 4322 6:
480 4269 533 4330 ἅμα
547 4266 572 4317 δὲ
588 4270 637 4331 πρῲ
652 4259 798 4331 deficatis-rs
813 4268 913 4318 καὶτοῦ
927 4269 996 4318 τίτοο
1011 4267 1049 4317 ’ἐτι
1062 4270 1159 4330 χλωροῦ
1172 4264 1239 4324 ’ὄντος
1254 4263 1330 4314 ἑστά-

206 4362 265 4427 νοζον
282 4365 369 4424 τροφῆς
385 4362 435 4418 τοῖς
453 4363 558 4417 πολλοῖς.
583 4387 611 4398 -
628 4353 699 4424 Quae
716 4358 739 4411 si
758 4358 845 4426 spuria
860 4360 923 4412 sunt
938 4358 1113 4412 verba-vix
1128 4357 1197 4411 enlm
1206 4353 1329 4409 credibile

206 4451 317 4516 videtur,
335 4453 485 4520 expectasse
502 4449 721 4522 Peloponnesios,
733 4451 788 4504 tore
805 4451 836 4503 nt
851 4453 912 4518 post
929 4451 973 4503 tot
988 4450 1136 4504 invasiones
1155 4448 1240 4500 vietus
1250 4446 1331 4500 etiam

206 4546 269 4597 tune
293 4544 428 4612 superaret
449 4541 548 4611 aliquid
565 4541 627 4609 (loci
650 4541 686 4606 11,
705 4541 737 4599 23
755 4543 783 4595 et
800 4541 851 4607 llI,
872 4545 894 4607 l,
910 4540 1002 4595 itidem
1021 4541 1217 4602 sollicitantur),
1234 4567 1267 4576 -
1285 4537 1331 4591 ille

206 4639 303 4698 tamen,
321 4636 366 4706 qui
385 4635 464 4688 verba
481 4633 591 4695 addidit,
610 4650 694 4687 meam
714 4636 793 4696 ἀκμῆς
811 4634 1010 4700 explicationem
1030 4633 1159 4704 probavit.
