3328 5396
735 435 774 498 79

239 619 336 688 Nunc
366 626 479 687 autem
512 623 683 688 videamus
706 619 860 687 Muelleri
884 625 1129 704 argumentum,
1153 638 1217 704 quo
1240 639 1311 685 rem

196 739 311 802 confici
346 739 514 802 contendit
542 756 574 820 p.
603 737 664 798 182
688 755 758 820 sqq.
781 736 954 800 Praemisit
978 735 1186 819 hypothesin,
1209 753 1311 818 quam

196 871 237 916 ex
270 853 376 916 tribus
410 849 610 934 Thucydidis
643 851 723 915 locis
754 851 870 928 effecit,
904 850 1088 932 Mytilenae
1112 869 1180 914 non
1206 849 1312 914 multo

196 971 274 1030 ante
307 985 419 1030 rerum
449 965 573 1048 potitos
603 983 672 1029 esse
695 965 880 1048 optimates.
905 962 949 1027 At
973 963 1122 1028 locorum
1145 963 1310 1044 Thucydi·

196 1080 330 1144 deorum
354 1080 502 1162 primum
526 1078 614 1142 male
637 1078 828 1161 explicavit.
851 1076 940 1141 Nam
963 1076 1022 1156 III,
1049 1077 1100 1156 11,
1126 1077 1155 1154 6,
1180 1081 1313 1142 conten·

195 1194 281 1256 dunt
304 1189 580 1274 Mytilenaeorum
607 1191 718 1276 legati,
742 1187 919 1267 αὐτονομίαν
942 1209 976 1254 se
999 1191 1058 1253 vix
1079 1191 1238 1254 hactenus
1249 1208 1312 1253 ser·

196 1326 299 1387 rasse,
334 1325 443 1390 neque
472 1325 531 1389 per
561 1306 698 1390 longum
723 1309 852 1388 tempus
876 1323 950 1368 eam
986 1321 1178 1367 mansuram
1202 1303 1312 1381 fuisse,

195 1421 262 1484 nisi
296 1420 421 1484 bellum
454 1423 564 1484 ortum
596 1423 678 1484 esset
691 1418 721 1501 1).
755 1415 848 1498 Quae
878 1418 926 1482 ita
956 1417 1082 1500 accepit
1105 1416 1194 1496 MS,
1218 1416 1314 1498 quasi

196 1534 409 1616 optimatium
446 1532 542 1597 Lesbi
572 1535 764 1616 potestatem
797 1531 1018 1614 periclitatam
1043 1529 1144 1594 luisse
1168 1529 1315 1594 dicerent

196 1643 401 1729 Mytilenaei,
427 1647 515 1710 unde
538 1646 652 1710 turbas
670 1645 706 1708 in
727 1663 766 1709 ea
785 1645 922 1709 civitate
941 1644 1040 1708 luisse
1053 1649 1133 1707 tune
1146 1643 1314 1726 temporis,

194 1761 337 1825 necdum
371 1761 505 1825 firmum
537 1779 650 1862 eorpm
683 1757 780 1824 fuisse
811 1759 991 1842 imperinm
1023 1758 1137 1823 effecit.
1162 1756 1206 1822 At
1228 1755 1313 1821 nihil

194 1874 309 1938 dicunt
332 1875 435 1958 legati
457 1874 524 1938 nisi
547 1874 618 1951 hoo,
642 1873 861 1938 Athenienses
879 1871 1098 1937 aminoribus
1109 1871 1313 1954 incipientes,

194 1989 315 2052 sensim
350 1989 538 2070 sensimque
574 2007 688 2052 omnes
718 1988 786 2052 fere
816 1989 918 2052 socios
941 1985 975 2049 iu
999 1990 1193 2070 potestatem
1218 2004 1313 2048 suam

194 2102 365 2186 redegisse.
388 2103 592 2166 Intellexisse
613 2103 718 2186 igitur
736 2103 869 2166 Lesbios
888 2121 928 2166 cx
948 2105 1129 2166 ceterorum
1143 2097 1313 2182 exemplis,

193 2215 284 2278 intra
306 2235 448 2299 parvum
473 2217 629 2300 temporis
652 2217 792 2300 spatium
819 2235 853 2280 se
875 2233 1006 2298 qnoque
1026 2219 1058 2278 et
1077 2213 1175 2279 Chios
1188 2211 1312 2277 subiec-

195 2333 268 2392 tum
291 2329 344 2408 iri,
370 2330 439 2394 sive
462 2330 497 2392 iu
519 2349 699 2412 paucorum
719 2330 845 2392 sivein
867 2328 1049 2393 multorum
1064 2327 1219 2391 menibus
1232 2331 1311 2390 tune

195 2442 282 2527 apud
306 2463 360 2507 eos
384 2448 466 2507 esset
490 2463 622 2507 summa
644 2447 797 2526 potestas.

240 2557 409 2621 Secundus
433 2562 546 2620 autem
570 2557 663 2622 loeus
683 2557 804 2640 legitur
824 2555 884 2632 III,
906 2557 958 2639 39,
980 2556 1010 2633 l,
1030 2555 1089 2619 ubi
1101 2553 1203 2618 Cleon
1216 2554 1311 2617 dicit:

194 2665 271 2734 είαίε
293 2669 324 2734 δὲ
348 2672 404 2734 πῶν
428 2669 537 2734 πόλεων
562 2663 607 2743 αἷς
631 2669 666 2734 ἂν
690 2669 727 2734 δι’
747 2667 908 2748 ἕλαχίππον
928 2667 1075 2750 εὐπραγία
1086 2664 1164 2753 tata,
1177 2665 1313 2745 ροοίλνοπα

194 2781 244 2847 καί
267 2783 296 2856 ἐς
317 2779 397 2864 ὐβρνν
417 2782 536 2867 τρέπειν,
556 2784 718 2848 difficilius
730 2785 820 2848 enim
835 2803 902 2847 esse
919 2781 1168 2866 prosperitatem
1182 2801 1312 2846 servare

193 2917 296 2980 quam
320 2899 488 2962 miseriam
514 2899 665 2963 tolerare.
685 2895 854 2978 Quoniam
874 2902 985 2960 autem
1009 2895 1068 2977 (ait
1079 2895 1167 2979 MS.)
1181 2913 1311 2976 semper

194 3012 287 3076 dives
310 3017 343 3076 et
364 3017 480 3095 potens
502 3012 565 3076 fuit
588 3011 759 3093 Mytilene,
785 3011 824 3074 de
848 3029 887 3074 aa
910 3011 990 3074 haec
1014 3010 1117 3074 verba
1137 3009 1225 3073 dicte
1244 3027 1313 3072 esse

193 3147 260 3190 non
294 3131 342 3190 est
369 3126 535 3204 credibile,
558 3127 624 3189 nisi
649 3129 796 3208 spectent
819 3125 860 3187 ad
884 3124 1072 3202 factionem,
1097 3105 1183 3206 quae
1206 3141 1313 3204 nuper

194 3262 305 3307 rerum
330 3243 434 3324 potita
457 3242 508 3306 sit.
533 3239 579 3304 At
601 3242 676 3324 quis
696 3240 816 3314 credat,
837 3237 995 3304 Cleonem
1019 3239 1136 3302 ducem
1161 3238 1307 3321 partium

194 3355 407 3437 popularium
440 3355 653 3430 contendisse,
684 3354 720 3416 in
744 3353 956 3436 optimatium
980 3355 1141 3434 potestate
1165 3349 1311 3414 civitatis

195 3466 355 3548 εὐπραγίαν
377 3469 477 3532 sitam
502 3487 569 3532 esse
582 3468 606 3550 ί)
617 3493 626 3544 ;
650 3468 679 3530 ai
703 3486 779 3531 vero
803 3466 843 3530 de
867 3465 1019 3530 factionis
1042 3461 1313 3546 cdrpcyr'qtloque·

194 3587 296 3660 retur,
320 3603 388 3646 non
411 3581 521 3645 πόλεων
544 3582 651 3645 dicere
675 3580 813 3644 debebat
837 3579 893 3644 sed
915 3577 1075 3659 ὐνύρύπαν.
1099 3576 1188 3658 Quid
1200 3581 1311 3641 autem

195 3697 314 3775 obstat,
356 3696 537 3780 quominus
578 3692 742 3774 εὐπραγίαν
782 3693 877 3756 illam
919 3694 1175 3776 interpretemur
1214 3689 1315 3754 maio-

194 3829 265 3874 rem
310 3808 402 3874 urbis
443 3810 583 3887 cultum,
621 3809 781 3872 maiorem
818 3804 1000 3871 honorem?
1034 3804 1118 3869 Tum
1155 3803 1241 3867 illud
1276 3801 1311 3865 δι’

194 3922 356 4004 ἐλαχίστου
398 3924 524 4007 optime
565 3921 723 4005 explicari
757 3921 888 4004 poterit,
924 3939 1003 3982 uam
1040 3916 1221 3982 verisimile
1256 3920 1313 3993 est,

194 4044 267 4122 post
301 4038 393 4102 Semi
427 4036 653 4114 defectionem,
688 4053 764 4097 cum
798 4030 923 4097 bellum
955 4051 1029 4096 oum
1059 4031 1177 4113 Sparta
1198 4030 1313 4092 immi·

194 4157 297 4231 neret,
335 4151 616 4216 benevolentiores
650 4167 683 4212 se
718 4167 795 4231 erga
825 4151 946 4212 ceteros
976 4147 1078 4210 socios
1109 4145 1309 4227 praestitisse

196 4333 342 4346 .—

160 4455 164 4462 ’
230 4438 256 4506 l)
274 4436 300 4486 οὐ
318 4435 399 4499 μέντοι
417 4433 456 4484 ἐπὶ
474 4433 537 4484 πολί
553 4433 581 4496 γ’
600 4431 628 4482 rs
645 4431 769 4494 ἐδοκοῦμεν
785 4429 911 4490 duratium,
929 4429 951 4478 εί
967 4429 1000 4492 μὴ
1016 4430 1029 4479 ὃ
1038 4431 1143 4490 πόλεμος
1151 4426 1190 4478 ras
1198 4426 1314 4496 κατέπτη,

195 4527 377 4591 παραδείγμασι
393 4526 510 4588 χρώμενοί
527 4526 577 4583 coir
594 4523 618 4582 ἒς
632 4525 689 4581 πούς
706 4522 802 4580 dhaere.

229 4619 256 4686 2)
274 4617 316 4676 Cf,
334 4616 386 4688 III,
405 4617 445 4684 39,
463 4617 479 4671 3
502 4616 516 4674 ἡ
534 4618 642 4679 παροῦσα
658 4613 802 4678 εὐδαιμονία.
