3046 5214
744 315 785 376 22

197 501 286 585 Quid
320 506 369 567 est
404 496 487 565 hoc?
520 500 652 584 Taking
687 521 730 566 uc
763 498 870 565 head?
892 500 1052 565 Voluitns
1076 500 1184 565 dicere
1207 499 1327 578 Grote,

198 617 422 697 ignorasse
443 613 590 698 Argivos,
611 620 757 698 quantae
773 614 1025 680 Corinthiorum
1039 613 1327 698 Boeoticrumquc

197 729 262 794 sibi
290 730 452 792 instarent
476 727 611 811 copiae?
634 727 721 791 Nam
746 728 917 812 neglegere
941 729 1049 792 hostes
1072 748 1093 790 a
1115 729 1219 792 latere
1244 734 1278 793 et
1304 749 1328 792 a

199 849 289 926 tergo
321 844 536 907 imminentes
559 843 722 925 quomodo
747 844 923 927 quisquam
946 840 1074 926 potest?
1100 842 1144 906 At
1167 862 1233 906 non
1260 843 1328 906 mi·

197 976 260 1020 uus
293 956 474 1020 absurdum
511 959 559 1020 est
593 957 727 1039 lingere,
764 956 950 1020 latuisse
984 975 1037 1020 eos
1067 955 1325 1021 Corinthiorum

197 1070 390 1147 exercitum,
415 1088 561 1152 quocum
583 1070 651 1132 iam
672 1069 928 1134 dimicavissent.
942 1069 1057 1135 Boeoti
1069 1070 1203 1135 fortasse
1215 1070 1326 1135 latere

195 1187 386 1268 potuerunt.

242 1299 330 1382 Ergo
354 1303 477 1377 manet,
503 1302 540 1362 ut
565 1299 648 1361 mihi
672 1298 811 1378 videtur,
836 1298 916 1363 haec
938 1317 1071 1382 quoque
1095 1298 1269 1364 difficultas
1287 1303 1325 1364 et

198 1413 299 1478 totius
329 1413 410 1476 anui
441 1413 614 1496 descriptio
648 1432 743 1476 suum
769 1413 946 1492 musicum,
970 1414 1029 1497 qui
1052 1410 1209 1490 „modos”
1233 1411 1323 1492 illos,

196 1545 278 1610 quos
315 1527 358 1590 M.
392 1526 423 1590 S.
460 1526 676 1606 desiderabat,
711 1526 872 1606 conficiat,
908 1528 1100 1592 etiamnunc
1137 1527 1321 1608 desiderat;

196 1659 275 1704 nam
300 1641 410 1725 ipsum
435 1661 500 1706 uon
524 1645 617 1724 aptos
639 1643 867 1724 composuisse,
880 1641 989 1706 nullos
1005 1661 1082 1707 vero
1095 1640 1318 1721 Classenium,

197 1754 337 1819 ostendi.

241 1978 269 2041 Ε
300 1977 503 2059 Thucydidis
535 1978 650 2041 horum
676 1982 862 2062 temporum
888 1979 1106 2062 descriptione
1129 1999 1251 2044 novam
1277 1981 1319 2045 de

198 2110 237 2155 eo
261 2091 419 2174 scriptore
443 2092 633 2174 opinionem
655 2093 759 2157 effecit
783 2093 826 2157 M.
851 2093 883 2156 S.
909 2093 951 2176 (p.
977 2093 1177 2177 sac-tac).

189 2233 192 2239 ·
240 2204 280 2267 In
312 2205 465 2269 historico
497 2206 586 2269 enim
617 2207 793 2283 „omnium
824 2212 1012 2290 temporum
1037 2205 1185 2289 optimc''
1210 2209 1320 2272 multa

198 2320 280 2383 vitis
303 2319 528 2401 deprehendit,
554 2339 572 2383 e
594 2321 716 2403 quibus
740 2340 805 2384 non
831 2321 925 2384 deum
950 2341 1027 2385 eum
1054 2323 1151 2385 fuisse
1175 2323 1320 2386 ostendit

197 2433 252 2497 sed
283 2433 462 2509 hominem,
487 2452 548 2496 nec
571 2453 648 2498 vero
675 2435 842 2498 hominem
868 2435 1048 2519 perlectum
1074 2436 1129 2499 scd
1148 2436 1260 2519 quinti
1286 2456 1316 2501 a.

197 2546 274 2612 Ohr.
299 2567 334 2609 11.
358 2547 480 2612 saeculi
504 2545 687 2626 Graecum
712 2568 848 2632 magnas
871 2554 983 2613 autem
1007 2550 1121 2614 laudes
1141 2548 1226 2629 illas,
1247 2551 1328 2632 qui-'

198 2661 260 2724 bus
282 2643 410 2743 posteri*
429 2658 515 2724 alius
538 2661 641 2724 alium
666 2662 816 2726 imitatus
844 2664 931 2726 hunc
955 2664 1067 2727 virum
1087 2664 1314 2744 cumularunt,

197 2774 330 2838 nonnisi
353 2775 456 2838 verba
479 2793 548 2838 esse
571 2775 697 2840 inania.

241 2884 374 2970 Opinio,
404 2906 471 2969 qua
502 2888 583 2951 olim
615 2908 728 2952 omnes
758 2891 929 2973 scriptores
960 2889 1078 2954 Graeci
1110 2895 1143 2954 et
1170 2890 1317 2955 Romani

198 2997 418 3064 admiratione
450 3001 541 3082 digni
566 3020 645 3080 esse,
670 3002 756 3064 nihil
779 3022 846 3067 non
870 3003 1007 3086 pulchre
1032 3022 1070 3068 ac
1093 3023 1172 3068 vere
1196 3005 1317 3070 dixisse

197 3113 424 3190 credebantur,
460 3114 550 3196 quod
584 3115 626 3177 ad
660 3116 822 3180 maiorem
857 3135 972 3180 eorum
1008 3137 1188 3182 numerum
1220 3117 1317 3182 hodie

126 3315 127 3319 Ἰ
197 3226 319 3289 reiecta
354 3230 402 3289 est
410 3251 419 3305 3
454 3226 494 3290 de
529 3226 721 3308 Thucydide
755 3247 887 3312 quoque
911 3249 985 3293 eam
1011 3235 1098 3294 stare
1121 3251 1188 3295 non
1211 3250 1318 3314 posse,

199 3337 353 3404 Muelleri
376 3340 497 3422 scripta
521 3341 580 3422 qui
596 3341 752 3424 perlegit,
775 3343 955 3426 intelleget.

242 3451 357 3536 Neque
392 3453 425 3516 id
458 3454 541 3517 vidit
573 3455 805 3518 tantummodo
838 3456 937 3534 M.S.,
962 3456 1141 3521 sedetiam
1168 3458 1315 3541 profiteri
1424 3456 1427 3463 '

198 3584 296 3630 ausus
320 3571 385 3630 est:
408 3566 644 3650 „Thukydides
667 3568 710 3632 ist
729 3570 765 3651 ja
789 3567 868 3632 keiu
892 3589 996 3633 maun
1016 3571 1072 3635 der
1092 3575 1314 3654 sogenannten

70 3707 71 3710 ¹
196 3680 340 3743 schonen
364 3679 563 3744 litteratur.”
587 3681 756 3765 (Fleckeis.
784 3683 878 3761 1886,
903 3703 935 3766 p.
961 3684 1048 3767 611).

212 3836 213 3839 ¹
242 3770 392 3858 Ostendit
422 3798 534 3859 autern
563 3795 607 3858 Μ.
620 3796 662 3876 S,
694 3815 743 3873 ea,
766 3816 852 3881 quae
875 3798 1082 3881 Thucydides
1105 3800 1145 3864 de
1169 3805 1318 3884 tempore

162 3886 166 3894 ’
196 3913 250 3981 τῆς
283 3905 408 3971 ὑπούλου
437 3906 544 3987 εἰρήνης
566 3911 704 3994 scripsit,
729 3912 880 3995 intellegi
903 3933 970 3976 non
995 3933 1097 3996 posse,
1121 3915 1176 3978 sed
1200 3916 1317 3998 saepis-

197 4023 281 4087 sirne
313 4023 508 4105 hypotheses
539 4025 772 4107 excogitandas
795 4045 873 4103 esse,
898 4032 936 4091 ut
959 4027 1140 4110 explicetur
1162 4049 1252 4113 opus,
1277 4030 1317 4094 de

197 4157 264 4221 quo
295 4142 408 4202 extent
437 4143 485 4202 tot
515 4141 669 4204 sonantia
692 4141 804 4219 verba,
827 4160 915 4225 quae
938 4142 1076 4208 editores
1100 4144 1185 4207 alius
1209 4145 1314 4208 alium

198 4251 302 4314 secuti
325 4252 532 4335 scripserint:
1130 4336 1133 4342 ἢ

240 4365 407 4430 Niebuhr:
445 4367 532 4442 „Der
565 4367 858 4450 Peloponuesisohe
889 4369 991 4454 Krisg
1020 4372 1063 4434 ist
1086 4374 1143 4436 der
1166 4375 1315 4438 unsterb-

196 4479 311 4542 lichste
336 4478 420 4542 aller
442 4478 571 4562 Kriege,
595 4480 672 4543 weil
696 4500 731 4544 er
758 4479 821 4544 den
847 4487 993 4564 grissten
1018 4483 1310 4551 Geschichtschrei·
