3046 5214
735 312 799 376 lla

196 493 259 579 legi
287 495 487 579 nequeat¹);
513 496 599 580 quod
622 499 736 561 tamen
761 497 840 562 feeit
864 496 1085 579 Thucydides,
1108 495 1134 562 si
1158 516 1200 563 aa
1223 497 1328 562 verba

197 608 335 691 scripsit.
376 606 442 689 Qui
477 610 567 673 eninr
604 607 759 693 aequales
794 609 911 693 proelii
949 629 1095 675 mensem
1131 609 1329 676 noverunt?

198 721 407 800 Paucissimi,
431 728 529 805 puto;
554 742 620 787 nou
645 724 736 787 enim
762 724 846 788 tanti
873 725 1033 788 momenti
1055 724 1120 787 tuit
1138 743 1179 788 ea
1199 743 1327 808 pugna,

199 840 236 897 ut
261 835 376 899 multis
400 841 532 919 tempus
555 842 670 900 notum
696 856 765 900 esse
789 837 934 901 deberet.

242 947 357 1031 Neque
390 970 449 1012 eur
481 950 541 1014 hoo
564 951 789 1014 nominaverit
814 951 986 1016 historicus
1010 951 1190 1035 proelium,
1215 952 1327 1016 ullam

198 1063 383 1144 excogitare
415 1082 545 1145 possum
578 1083 725 1127 oausam.
758 1061 844 1127 Nam
877 1064 904 1126 si
937 1065 1083 1147 primum
1108 1064 1199 1128 inter
1225 1064 1331 1129 Athe·

199 1178 329 1240 nienses
352 1182 384 1241 et
408 1177 663 1260 Peloponnesios
687 1181 852 1242 certamen
876 1197 1137 1243 commemorare
1152 1178 1330 1258 voluisset,

201 1290 325 1372 Sybota
356 1291 566 1355 laudavisset.
588 1287 648 1355 Vel
671 1291 748 1355 inde
767 1310 788 1354 a
810 1292 1032 1376 psephismate
1051 1292 1216 1375 Megarico
1238 1312 1333 1357 eom·

200 1409 318 1486 putare
346 1405 376 1468 si
399 1405 503 1482 licuit,
528 1405 616 1488 quod
640 1424 660 1468 a
683 1405 796 1469 multis
822 1426 880 1490 pro
905 1405 985 1470 belli
1009 1425 1108 1470 eausa
1132 1406 1328 1471 haberetur.

246 1517 290 1579 At
332 1536 390 1580 our
431 1536 578 1601 pugnam
614 1519 856 1583 nominavisset
891 1519 933 1582 ad
968 1519 1171 1598 Potidaeam,
1209 1521 1331 1603 procul

201 1629 321 1694 sitam?
352 1627 447 1711 erae
478 1651 545 1696 non
579 1631 724 1694 multum
758 1632 918 1710 effecerat,
950 1652 1029 1696 nam
1061 1651 1190 1716 semper
1221 1634 1328 1698 etiam

203 1745 416 1809 obsidebatur
440 1745 528 1809 urbs.

249 1855 398 1941 Denique
420 1859 500 1940 quid
525 1877 669 1922 mensem
693 1858 841 1924 indicare
864 1879 947 1942 opus
970 1864 1049 1937 erat,
1073 1878 1173 1942 quem
1199 1880 1243 1925 ex
1268 1880 1329 1924 an·

203 1972 374 2035 notatione
409 1972 449 2036 de
484 1972 672 2054 Pythodoro
710 1978 903 2064 computare
940 1973 1045 2038 multo
1069 1979 1152 2038 esset
1176 1971 1333 2038 facilius?

204 2085 276 2147 Viri
306 2085 477 2149 cuiusdam
512 2086 598 2148 dooti
623 2086 724 2149 verba
747 2105 814 2150 esse
840 2087 922 2149 mihi
946 2087 1112 2165 videntur,
1138 2088 1327 2152 memoriae

204 2218 305 2262 eausa
336 2199 372 2261 in
405 2198 554 2282 margins
585 2199 759 2281 adscripta,
783 2180 895 2283 postea
918 2219 939 2262 a
963 2200 1108 2264 librariis
1131 2201 1166 2263 in
1192 2205 1332 2266 oontex·

205 2317 277 2375 tum
311 2309 490 2395 resepta2).
521 2309 673 2392 Quorum
704 2314 778 2395 quis
807 2313 977 2391 erraverit,
1001 2313 1182 2378 diiudicare
1208 2315 1331 2378 nolim.

249 2423 477 2508 Inscriptionis
500 2431 611 2490 autem
636 2427 807 2509 pensiones
830 2427 859 2498 ἐς
884 2424 1068 2490 Μακεδονίαν
1090 2428 1329 2492 nunodefiniri

206 2545 386 2622 nequeunt.
409 2541 558 2603 Fortasse
582 2541 739 2604 Euerates
762 2538 818 2605 ills
842 2541 942 2624 copiis
962 2541 1153 2606 Potidaeam
1174 2542 1331 2608 obsiden-

208 2654 294 2718 tibus
317 2673 439 2718 novam
464 2654 638 2737 pecuniam
664 2654 777 2718 attulit
791 2654 828 2737 ⁸).

250 2767 347 2832 Nune
381 2787 501 2850 pausos
531 2768 648 2850 eapitis
679 2766 724 2846 II,
758 2769 776 2828 2
804 2767 992 2852 explicandi
1014 2773 1151 2833 conatus
1174 2770 1332 2834 referam.

251 2881 434 2945 Greswellii
466 2882 575 2963 opinio
608 2886 656 2944 est
689 2881 776 2954 haee.
802 2881 1010 2946 Gamelionis
1034 2883 1133 2946 initio
1158 2883 1333 2965 magistra·

207 3001 278 3059 tum
311 2996 423 3058 iniisse
453 2996 635 3073 archontes,
670 3015 727 3078 per
758 2995 838 3059 duos
869 2996 974 3078 igitur
1005 2995 1094 3058 iam
1128 3015 1258 3061 menses
1283 3017 1335 3060 ar·

208 3111 362 3172 ohontem
393 3084 491 3173 fuisse
519 3108 757 3190 Pythodorum,
781 3128 857 3172 oum
883 3109 1034 3173 Thebani
1057 3111 1221 3192 impeturn
1250 3112 1338 3176 fase-

208 3230 282 3287 rent
302 3224 338 3285 in
359 3223 520 3301 Plataeas,
543 3242 643 3306 quam
664 3223 795 3286 obrem
818 3218 859 3285 ἔτι
881 3223 940 3286 hoo
960 3223 1029 3287 loeo
1043 3223 1129 3287 idem
1144 3224 1335 3306 significare

208 3338 342 3415 iudicat,
375 3337 463 3422 quod
492 3333 564 3415 illm
596 3355 697 3420 quam
730 3336 875 3400 refutare
900 3356 980 3419 opus
1004 3356 1160 3402 essenon
1185 3337 1334 3404 videtur.

244 3672 269 3737 l)
289 3670 391 3726 Similia
416 3669 482 3724 dixit
507 3670 570 3725 ms.
595 3669 624 3723 in
641 3669 728 3724 Fleolr.
747 3669 814 3722 dnn.
833 3668 1027 3736 1885‚.p.308:
1046 3668 1180 3733 „Locutio
1197 3683 1251 3738 qua
1270 3686 1334 3724 usus

210 3765 252 3816 est
278 3762 441 3833 Thucydides
458 3763 491 3828 ll,
509 3763 548 3826 75,
569 3762 595 3815 l:
613 3760 795 3824 στρατεύματος
812 3759 928 3810 τοσούτου
946 3759 1111 3826 ἐργαζομένου,
1128 3759 1233 3828 probat,
1252 3761 1336 3816 lecto·

209 3854 282 3908 ribus
304 3853 455 3924 aequalibus
472 3855 564 3907 notum
582 3868 639 3907 essa
657 3869 716 3906 eum
734 3867 878 3916 numerum,
897 3851 1015 3920 posuisse
1031 3851 1115 3905 illum.
1134 3852 1185 3917 Qui
1203 3852 1236 3906 iis
1255 3855 1335 3908 notus

210 3961 335 4000 essenon
353 3946 448 4015 potuit,
466 3946 518 3999 nisi
535 3962 566 4000 ex
583 3959 660 4013 opere
677 3944 734 4013 ipso
752 3945 796 4010 (ll,
815 3942 884 4008 47).”

244 4038 270 4101 2)
295 4037 377 4102 Steup
402 4053 504 4106 quoque
527 4035 607 4090 verba
625 4034 734 4089 delenda
751 4050 808 4088 esse
825 4036 914 4088 censet
932 4036 960 4089 et
976 4034 1060 4102 Lipsii
1077 4034 1154 4088 reicit
1172 4035 1336 4090 emendatio·

210 4145 284 4191 nem;
303 4144 439 4182 numerum
456 4128 525 4182 enim
544 4130 574 4181 16
592 4130 683 4195 aptum
697 4128 750 4180 non
767 4142 831 4189 esse,
849 4127 1023 4179 mutationem
1037 4128 1135 4192 autem,
1151 4127 1335 4196 quaeeumip·

210 4221 265 4274 sius
282 4222 477 4288 computatione
494 4219 639 4282 conveniat,
658 4219 714 4272 sine
733 4218 813 4271 nimia
830 4217 938 4270 audacia
947 4216 1066 4271 adhiberi
1077 4233 1129 4272 non
1138 4232 1223 4286 posse.
1233 4217 1334 4287 Aptum

211 4328 347 4366 numerum
366 4328 423 4367 esse
441 4312 587 4366 arbitratur
604 4310 775 4365 tredecimum
792 4309 834 4363 val
851 4312 974 4378 quartum
993 4308 1131 4364 decimum.

244 4406 271 4472 3)
299 4405 429 4474 Gaiusque
455 4404 591 4473 prytaniae
608 4402 686 4456 initio
705 4401 859 4456 Potidaeam
875 4416 969 4455 novam
988 4401 1095 4455 missam
1114 4417 1170 4456 esse
1188 4402 1335 4471 pecuniam,

209 4496 297 4568 lepida
315 4496 511 4552 Wilamowitaii
529 4499 570 4551 est
588 4493 751 4566 hypothesis.
