3046 5214
716 323 757 387 87

171 509 242 595 (III,
267 510 319 588 35,
346 512 378 596 l)
402 513 443 575 ad
465 512 557 576 mille
577 513 665 576 viros
683 507 858 595 pertinere,
872 511 930 574 vix
944 511 1100 576 credibile
1113 515 1171 589 est,
1184 530 1293 595 neque

169 644 244 689 cum
269 629 317 689 tot
339 626 436 690 sociis
458 626 596 690 consilia
619 645 680 688 sua
703 626 963 690 communicasse
984 626 1184 690 coniuratos.

214 739 278 804 Pro
292 759 431 804 numero
443 745 555 804 autem
569 743 720 822 corrupto
733 737 914 818 „centum”
927 737 979 803 vel
992 738 1170 816 ‚‚ducenti’.'
1183 739 1290 824 legen·

169 851 248 916 dum
272 871 340 916 esse
365 851 446 916 mihi
470 853 602 917 videtur
625 853 668 918 ob
692 853 793 917 verba
816 853 929 916 addite
949 850 1039 932 ὀλίγῳ
1059 849 1185 930 πλείους,
1205 871 1291 935 quae

170 967 303 1031 nonnisi
326 986 402 1030 cum
428 967 555 1049 magnis
579 967 728 1030 numeris
751 966 906 1050 coniungi
928 966 1045 1031 solent.
1066 966 1100 1029 Si
1121 971 1290 1049 praeterea

170 1081 272 1145 verba
301 1077 380 1152 πλὴν
410 1085 462 1154 τῆς
494 1077 692 1157 Μηθυμναίων
725 1080 957 1163 expungimus,
983 1080 1148 1144 sententia
1171 1080 1289 1163 prodit,

169 1211 255 1276 quae
285 1213 350 1258 non
375 1194 522 1276 amplius
545 1199 659 1258 contra
676 1194 951 1284 probabilitatem
978 1199 1112 1277 pugnet.
1137 1195 1200 1259 Sed
1223 1214 1290 1259 em·

169 1306 312 1371 blemate
346 1326 383 1372 eo
415 1307 518 1390 ipsius
550 1306 753 1389 Thucydidis
785 1308 886 1372 verba
910 1306 1037 1390 aliquot
1060 1307 1198 1391 expulsa
1221 1327 1290 1372 esse

169 1425 314 1504 apparet,
350 1422 471 1504 quihus
505 1422 634 1486 dixerat
666 1421 812 1505 scriptor,
845 1440 987 1504 quorum
1015 1421 1129 1485 fuisset
1154 1421 1215 1484 illa
1237 1426 1289 1500 γῆ,

167 1553 255 1618 quae
286 1535 374 1600 inter
404 1533 570 1599 cleruchos
601 1533 729 1599 Atticos
760 1535 865 1597 divisa
888 1540 955 1612 est3
982 1535 1172 1598 huiusmodi
1197 1535 1287 1598 enim

167 1647 294 1731 aliquid
324 1649 459 1714 omniuo
489 1649 565 1712 addi
596 1649 721 1713 debuit.
746 1647 913 1712 Gravibus
939 1667 1017 1712 vero
1040 1648 1109 1710 illis
1131 1649 1289 1712 immuta-

166 1761 313 1825 tionibus
345 1762 442 1825 huius
474 1763 602 1845 capitis,
635 1780 716 1845 ques
742 1762 909 1845 proposuit
933 1761 1023 1839 M.S.,
1049 1781 1116 1826 non
1142 1762 1288 1845 amplius

166 1893 249 1957 opus
279 1875 341 1939 erit
366 1879 399 1938 et
423 1875 612 1958 hypothesis
635 1875 675 1940 de
698 1874 936 1956 interpolatore
960 1875 1174 1958 sanguinario
1198 1875 1285 1940 abici

166 1989 301 2073 poterit.

213 2099 384 2186 Quidquid
418 2107 530 2166 autem
565 2102 600 2165 id
636 2106 692 2179 est,
728 2120 864 2185 gravem
896 2101 1151 2180 accusationem,
1184 2121 1285 2184 qnam

164 2220 281 2280 contra
304 2216 411 2299 operis
435 2214 638 2298 Thucydidei
662 2219 854 2279 contextum
880 2214 957 2277 dds.
982 2214 1132 2297 protulit,
1153 2215 1288 2281 diluisse

166 2329 252 2392 mihi
276 2329 399 2394 videor.
