3046 5214
725 276 788 340 118

197 461 251 526 sed
283 463 427 526 multum
459 464 526 526 ism
558 462 727 547 praeteriit
758 467 897 546 tempus,
921 462 1086 544 usquein
1112 461 1221 527 lucem
1247 480 1318 544 pro·

196 575 330 640 dierunt
354 576 377 638 ii
403 575 480 640 libri
494 577 529 659 ¹).

243 686 465 772 Disputationi
489 695 600 753 autem
625 708 704 753 suae
728 707 849 772 paucas
874 689 1045 771 praemisit
1065 688 1142 751 lll.S.
1164 688 1322 752 ohserva-

198 803 302 866 tiones
335 803 375 867 de
411 804 565 868 historiae
597 803 790 867 scribendae
821 803 908 885 apud
941 803 1082 866 Graecos
1112 808 1195 865 arte.
1226 799 1325 881 Quos

197 936 275 994 non,
301 923 337 980 ut
360 936 429 994 nos,
454 918 626 980 veritatem
652 916 776 979 nudam
802 917 984 1000 poposcisse
1006 916 1185 992 contendit,
1210 935 1325 998 neque

197 1047 292 1111 aegre
312 1030 435 1107 tulisse,
459 1031 486 1092 si
511 1050 529 1093 e
552 1049 612 1094 suo
635 1030 770 1111 ingenio
796 1037 929 1093 ornaret
954 1030 1124 1093 historiam
1150 1034 1270 1093 auctor
1291 1034 1326 1093 et

196 1143 437 1225 quodammodo
474 1143 671 1225 mutaret⁹);
709 1144 802 1207 cuius
836 1143 882 1205 rei
914 1143 1067 1224 exempla
1099 1160 1165 1206 esse
1190 1148 1325 1223 tragoe-

198 1255 277 1332 dias,
320 1274 460 1337 quarum
504 1261 700 1338 argumenta
739 1274 799 1319 nos
834 1256 963 1336 mythos
998 1256 1106 1319 dicere
1139 1255 1323 1330 soleamus,

197 1368 314 1432 Graeci
346 1388 422 1432 vero
457 1370 627 1433 historiam
660 1367 909 1452 vocaverint⁸);
941 1368 1029 1433 inter
1060 1389 1175 1434 omues
1202 1375 1325 1434 autern
1351 1438 1355 1444 ,

198 1489 315 1545 notum
350 1501 428 1560 esse,
460 1502 560 1564 quam
594 1483 696 1547 libere
729 1484 899 1546 historiam
925 1502 998 1546 earn
1025 1483 1230 1547 mutaverint
1256 1487 1327 1547 tra·

196 1595 388 1679 gocdiarum
412 1603 538 1679 poetae.

241 1709 397 1774 Attamen
422 1729 546 1787 omnes,
570 1711 695 1792 opinor,
720 1710 935 1792 explosissent
960 1709 1173 1791 tragoediam,
1192 1711 1229 1772 in
1253 1728 1328 1792 qua

197 1823 480 1906 Clytaemnestrae
524 1826 717 1907 pepercisset
762 1821 910 1888 Orestes:
954 1823 1087 1887 solusne
1116 1827 1327 1906 perpetraret

196 1937 335 2013 lacinus,
360 1955 401 1999 an
427 1936 608 2000 adiuvante
631 1937 765 2018 Pylade,
793 1938 852 2000 hoc
877 1937 989 1999 minus
1008 1936 1171 2001 curabant
1190 1935 1326 2000 Graeci.

242 2049 466 2113 Gravissirnae
500 2055 612 2114 autem
648 2055 725 2113 sunt
759 2051 983 2115 accusationes
1017 2049 1326 2141 ianhucydidem

199 2163 356 2247 prolatae.
381 2162 456 2228 Nou
480 2164 570 2226 enim
595 2160 727 2242 πάρεργα
753 2164 848 2227 modo
868 2183 946 2227 eum
969 2163 1157 2239 mutavisse,
1177 2162 1327 2227 affirmat

199 2274 291 2352 M.S.,
315 2277 371 2340 sed
394 2277 599 2359 apertissima
621 2277 662 2340 de
686 2280 755 2341 tota
779 2295 814 2340 re
838 2276 1010 2340 mendacia
1033 2277 1207 2341 consuisse.

244 2390 416 2453 Praeterea
447 2391 577 2453 etiamsi
607 2389 807 2454 Graecorum
839 2409 951 2454 seusus
981 2390 1115 2454 criticus
1146 2409 1214 2454 non
1247 2391 1332 2469 fuit,

199 2503 309 2585 qualis
353 2504 539 2580 hodiernus,
576 2522 678 2586 usque
712 2502 792 2567 adeo
828 2504 1002 2567 veritatem
1038 2523 1091 2568 eos
1126 2503 1326 2586 neglexisse,

202 2635 300 2679 nemo
336 2616 533 2679 contendere
569 2620 681 2698 potest,
716 2617 774 2698 qui
805 2616 1005 2698 Thucydidis
1035 2616 1182 2699 primum
1207 2616 1331 2699 legerit

200 2727 335 2793 librum.
365 2727 471 2810 Quem
506 2730 583 2793 licet
614 2729 820 2811 provectiore
850 2729 984 2792 demum
1015 2735 1123 2794 aetate
1146 2731 1328 2812 scripserit,

200 2843 272 2905 sine
296 2842 397 2906 dubio
424 2849 534 2906 tamen
557 2848 664 2924 partes
689 2843 844 2906 historiae
867 2847 946 2906 ants
969 2843 1114 2925 scriptas,
1138 2861 1225 2926 quae
1248 2822 1328 2906 tan'·

203 2961 312 3039 topore
332 2961 504 3038 peccarent
524 2962 640 3019 contra
660 2956 741 3018 artis
763 2974 841 3019 suae
861 2963 1042 3038 praecepta,
1062 2974 1146 3039 quae
1165 2957 1236 3038 ipse
1257 2957 1329 3021 sibi

200 3070 432 3151 proposuisset,
458 3076 514 3133 aut
538 3069 729 3146 sustulisset,
753 3075 814 3132 aut
837 3070 1039 3133 correxisset.
1060 3067 1101 3133 Et
1124 3071 1190 3134 tale
1209 3090 1329 3153 prooe-

112 3248 118 3259 .
202 3183 308 3245 mium
343 3202 409 3245 nou
442 3182 643 3263 Thucydidis
675 3183 771 3246 modo
798 3181 919 3264 detegit
949 3183 1133 3264 ingenium,
1165 3183 1221 3246 sed
1244 3203 1328 3264 quo·

203 3295 377 3359 dammodo
414 3313 546 3377 quoque
578 3295 648 3357 eius
679 3294 870 3377 aequalium
895 3330 938 3342 -
961 3313 1029 3358 non
1052 3295 1201 3358 omnium
1226 3315 1328 3375 sane3

237 3543 260 3607 1)
277 3543 309 3593 1⁰.
327 3540 462 3604 „Studien
480 3539 658 3603 Adversarien
677 3541 852 3595 (loniectauca
868 3556 900 3593 zu
917 3533 1083 3609 Thnkydides
1100 3540 1150 3593 mit
1166 3540 1330 3614 Bonutzung

201 3630 247 3685 der
264 3631 516 3685 steiuschriltlichen
534 3629 702 3695 Urkuudeu‚”
718 3632 791 3685 cuins
809 3646 868 3699 pars
885 3630 984 3699 prodiit
1000 3647 1068 3684 anuo
1084 3632 1148 3685 1878
1156 3631 1328 3694 (Demosthe-

202 3724 243 3779 nis
260 3724 395 3793 strategis,
412 3725 440 3777 in
457 3724 547 3778 Museo
564 3724 709 3790 Rhenauo).

235 3818 270 3870 2⁰.
288 3816 379 3878 „Neue
395 3815 570 3885 polemischeu
590 3815 699 3870 Studien
717 3831 748 3869 zu
766 3815 952 3883 Aristophanes
971 3815 1023 3870 und
1041 3815 1091 3869 deu
1107 3815 1276 3870 Komikeru.”
1357 3824 1361 3830 '

235 3913 271 3964 3⁰.
288 3909 370 3972 „Eine
390 3911 434 3973 (al.
454 3909 517 3963 1883
534 3908 614 3962 echon
630 3907 749 3962 ziemlich
768 3907 830 3961 veit
844 3906 1026 3976 vorgeriiclste)
1041 3906 1245 3978 Untersuchuug
1259 3907 1328 3964 uber

202 4002 244 4056 die
262 4001 366 4072 quelleu
383 4016 429 4054 zur
445 3999 598 4068 geschichte
615 3998 661 4053 des
678 3999 927 4067 peloponnesischen
944 3999 1056 4068 lrn'eges.

235 4096 261 4157 2)
289 4094 340 4157 „So
367 4093 469 4147 werden
495 4092 533 4146 sie
558 4092 626 4145 auch
651 4091 710 4146 dem
732 4091 849 4146 emahler
865 4090 912 4144 das
928 4091 1004 4145 recht
1021 4091 1065 4145 des
1083 4091 1193 4160 epilers,
1212 4092 1255 4147 die
1273 4109 1327 4147 von

200 4186 257 4239 ihm
273 4186 313 4239 als
331 4185 397 4239 stoff
410 4183 540 4254 gevihlte
557 4182 676 4246 historie,
693 4181 747 4235 alte
765 4182 827 4236 oder
844 4198 919 4246 neue,
937 4183 1025 4236 seineu
1044 4181 1255 4236 kilnstlerischsn
1271 4185 1326 4238 und

202 4276 406 4345 anderweitigen
432 4275 535 4329 idealen
560 4277 671 4343 gemaer,
695 4273 745 4326 frei
772 4273 823 4327 und
849 4272 1013 4343 selbsthndig
1039 4290 1069 4326 zu
1088 4273 1229 4342 gestalteu,
1249 4275 1326 4330 nicht

201 4367 385 4422 vorenthalteu
403 4365 505 4420 haben*
523 4383 547 4434 p,
568 4367 624 4419 290.

235 4459 262 4524 3)
280 4457 352 4511 Haec
369 4456 489 4511 Koechlii
506 4471 567 4510 vera
585 4458 626 4510 est
643 4455 800 4509 observatio.
