3046 5214
739 338 781 399 84

195 525 313 584 censet.
346 521 503 584 Attamen
536 541 574 584 ea
598 522 682 584 tueri
707 541 799 604 posse
825 522 909 584 mihi
933 523 1055 600 videor,
1080 524 1106 584 si
1133 542 1204 585 rem
1233 524 1315 586 mihi

194 636 243 698 ita
265 637 370 719 tingo:
397 635 621 711 Athenienses,
646 654 727 717 quos
747 637 942 717 poeniteret,
965 637 1318 719 omnesMytilenaeos

195 751 301 834 capite
330 768 363 812 se
396 749 615 824 damnavisse,
645 749 776 812 Diodoti
800 750 893 832 sequi
920 750 1077 814 volebant
1101 752 1320 829 sententiam,

194 865 251 946 qui
277 869 401 927 ceteros
424 862 474 924 ε’ἱν
498 860 591 931 οἰκεῖν,
612 863 652 925 de
673 863 813 944 captivis
834 869 947 927 autern
960 863 1108 928 iudicare
1120 865 1269 928 iussisset
1283 865 1320 946 ¹).

195 976 322 1039 Deinde
358 994 436 1038 vero
471 976 505 1036 in
542 975 656 1038 eadem
693 975 831 1038 ecclesia
865 973 1022 1039 Cleonem
1056 977 1179 1040 iterum
1215 977 1321 1041 verba

195 1089 307 1153 iecisse
338 1088 495 1152 credibile
525 1095 574 1152 est
605 1094 639 1152 et
670 1087 818 1167 suasisse,
845 1095 881 1152 ut
903 1091 1168 1154 interficerentur
1191 1093 1321 1174 captivi

195 1222 279 1267 neve
314 1203 354 1266 de
386 1201 425 1265 iis
456 1201 666 1279 iudicaretur,
699 1204 918 1267 Athenienses
942 1210 1055 1267 autem
1082 1212 1162 1268 tunc
1185 1203 1221 1268 in
1248 1207 1323 1269 eius

196 1316 394 1379 sententiam
428 1316 536 1379 ivisse.
569 1316 603 1378 si
635 1335 714 1379 vero
740 1322 833 1378 tanta
856 1317 898 1379 iis
921 1317 1033 1380 fuisset
1057 1314 1257 1393 μεταμέλεια,
1283 1325 1324 1381 ut

196 1429 300 1493 altero
334 1430 387 1493 die
418 1449 533 1492 omnes
563 1430 737 1507 necandos,
762 1429 1003 1494 altercantem
1028 1450 1143 1494 omnes
1168 1432 1223 1495 vel
1246 1452 1324 1496 reos

196 1542 263 1608 iere
285 1543 469 1607 liberandos
493 1563 560 1607 esse
575 1544 598 1626 9)
623 1544 845 1621 decernerent,
870 1564 909 1608 ea
932 1545 1066 1608 demum
1090 1546 1258 1609 mirabilis
1270 1565 1324 1610 res

196 1656 311 1719 fuisset
342 1663 375 1721 et
407 1676 492 1736 mox,
519 1657 648 1739 opinor,
673 1678 746 1721 cum
774 1655 924 1722 Alcidam
949 1677 1009 1740 per
1035 1678 1125 1722 mare
1149 1660 1321 1742 Aegaeum

196 1771 365 1854 navigare,
391 1790 478 1834 nova
501 1771 648 1854 pericula
670 1773 804 1848 instare,
824 1772 958 1836 Lesbios
970 1774 1139 1855 superbire
1151 1774 1321 1852 audirent,

195 1885 237 1947 ad
261 1885 402 1966 pristina
425 1885 562 1947 consilia
585 1886 760 1949 rediissent
783 1891 817 1949 et
838 1885 1079 1969 indulgentiam
1103 1886 1198 1950 illam
1226 1884 1322 1950 Chri·

197 1999 339 2062 stianam
364 2017 425 2062 nec
449 2018 526 2062 vero
550 1998 709 2062 Graecam
731 1976 943 2064 abiecissent,

243 2111 296 2188 At,
331 2117 470 2193 quaerat
504 2112 680 2193 quispiam,
716 2132 775 2175 cur
806 2133 873 2177 non
907 2115 1018 2176 statim
1053 2119 1126 2196 post
1156 2116 1210 2192 49,
1240 2116 1255 2177 l
1282 2134 1324 2179 ea

198 2226 348 2311 narravit
378 2226 594 2308 Thucydides,
626 2246 712 2309 quae
743 2227 779 2289 in
813 2228 926 2291 eadem
949 2228 1087 2292 ecclesia
1111 2228 1324 2293 factasunt?

199 2336 286 2418 Quia
320 2345 397 2402 ante
432 2340 555 2417 omnia,
592 2342 780 2423 responden,
812 2342 957 2404 triremis
988 2343 1059 2404 eius
1090 2344 1215 2406 mentio
1249 2345 1325 2408 fieri

199 2454 321 2531 debuit,
356 2473 441 2536 quae
472 2473 603 2516 summa
635 2455 757 2516 virium
792 2455 976 2519 intentione
999 2455 1141 2518 Lesbum
1168 2459 1324 2536 tetendit,

200 2572 236 2630 ut
259 2567 398 2630 salutem
424 2564 552 2630 insulae
576 2567 714 2630 afferret.
739 2565 813 2647 Qua
833 2568 950 2650 capitis
971 2573 1064 2649 parte
1076 2570 1324 2651 praetermissa,

200 2680 323 2762 optime
347 2680 442 2762 iungi
466 2686 573 2763 potest
597 2699 667 2762 cap.
696 2681 746 2757 50,
775 2683 802 2743 l.

244 2793 279 2856 Si
302 2793 418 2857 deiude
441 2794 519 2856 ΜΒ.
543 2813 575 2876 p.
602 2794 663 2854 198
692 2795 793 2857 verba
817 2791 944 2864 Κλέωνος
967 2793 1071 2871 γνώμῃ
1097 2792 1259 2875 διέφθειραν
1281 2799 1324 2860 ad

199 2905 361 2969 iudicium
386 2925 453 2968 nou
477 2907 652 2989 pertinere,
676 2908 749 2970 iure
773 2906 941 2971 contendit
968 2914 1000 2971 et
1025 2910 1110 2972 hanc
1133 2912 1324 2992 quoqueob

202 3037 334 3081 oausam
361 3018 589 3100 interpolatori
614 3020 693 3082 haec
716 3021 830 3082 omnia
850 3021 1026 3084 tribuenda
1046 3041 1113 3085 esse
1126 3029 1245 3101 censet,
1260 3025 1325 3088 hoc

201 3138 435 3213 argumentum
457 3133 586 3195 nullius
606 3138 655 3195 est
676 3134 847 3211 momenti,
868 3138 1041 3216 postquam
1056 3136 1179 3198 iudicia
1190 3156 1325 3218 prorsus

201 3265 269 3309 non
294 3246 402 3322 fuisse,
426 3245 573 3328 probavi.

246 3354 354 3422 Verba
387 3363 510 3436 autem,
545 3377 631 3440 quae
667 3358 823 3440 leguntur
856 3379 883 3422 o.
921 3359 972 3437 50,
1005 3361 1035 3437 l,
1059 3363 1324 3443 grammaticum

203 3472 347 3554 aliquem
372 3478 544 3555 propterea
567 3472 737 3550 addidisse,
762 3473 946 3556 auspicatur
969 3474 1056 3551 M.S.‚
1081 3475 1168 3557 quod
1193 3475 1326 3560 Thucy-

204 3585 295 3648 dides
329 3584 413 3648 nihil
445 3585 589 3668 amplius
620 3587 659 3648 de
689 3587 898 3668 captivorum
930 3593 1017 3650 sorte
1040 3587 1194 3666 dixisset,
1219 3608 1324 3671 quam

203 3699 408 3780 probabilem
441 3717 508 3762 esse
539 3700 759 3763 coniecturam
784 3701 819 3762 in
844 3701 1064 3783 disputatione
1087 3701 1127 3765 de
1151 3703 1327 3786 Aeginetis

204 3811 355 3892 Thyreae
386 3813 489 3893 captis
512 3813 814 3877 demonstraturum
840 3833 874 3878 se
897 3815 978 3878 dicit
1002 3813 1081 3897 [Pol.
1104 3835 1136 3898 p.
1163 3816 1254 3900 217}
1282 3818 1327 3882 At

238 4135 263 4200 i)
283 4133 357 4188 Hanc
383 4149 485 4203 quoque
511 4133 651 4187 clausulam
678 4133 805 4201 perlatam
829 4150 894 4199 esse,
917 4151 948 4188 cr
971 4134 1120 4205 Thucydide
1138 4152 1190 4189 non
1207 4143 1328 4207 apparet.

204 4225 321 4279 Ecclesia
345 4225 457 4294 primum
485 4227 533 4278 hoc
556 4224 711 4278 diiudicasse
734 4225 801 4278 mihi
824 4225 934 4290 videtur,
952 4229 1041 4279 utrum
1060 4242 1149 4281 omnes
1167 4233 1328 4285 necarentur

203 4316 310 4380 incolae,
328 4333 361 4369 an
379 4316 477 4384 captivi
494 4316 578 4370 modo.

238 4408 265 4472 2)
284 4407 323 4462 cf.
349 4407 413 4461 us.
440 4423 464 4475 p.
488 4409 543 4471 197,
567 4407 613 4460 ubi
638 4407 768 4473 admonet,
792 4408 904 4461 Athenis
921 4407 1017 4462 dirites
1035 4409 1152 4477 captivos
1169 4411 1327 4468 custodibus

205 4501 335 4568 corruptis
352 4500 429 4554 facile
447 4500 537 4570 ingere
547 4499 673 4568 potuisse
691 4515 849 4554 excercere.
