3328 5396
762 428 823 491 107

225 635 301 680 curn
335 615 431 680 tertio
462 615 501 698 (e.
514 615 558 700 g.)
591 614 689 678 huius
720 615 895 697 prytaniae
924 615 978 679 die
1001 617 1034 678 et
1058 617 1171 697 postea
1193 615 1289 679 classi
1312 622 1348 694 τῇ

225 727 288 811 περὶ
319 727 535 803 Πελοπόννησον
565 730 709 813 pecunia
736 748 838 812 pensa
868 729 925 808 sit,
952 748 1019 792 non
1044 733 1221 793 antaeum
1247 729 1351 810 diem,

226 846 250 910 i.
262 865 289 909 e.
316 864 382 909 non
408 849 487 908 ante
512 845 648 908 tertium
673 845 761 908 diem
787 843 929 926 Augusti
954 843 1122 927 (eclipseos
1145 843 1246 926 diem)
1260 844 1350 907 navi·

224 977 316 1041 gasse
345 975 430 1035 eam,
461 956 516 1022 sed
549 958 654 1022 multo
685 962 774 1040 post:
808 977 908 1040 quam
935 976 1012 1021 cum
1039 956 1146 1021 multo
1170 961 1247 1020 ante
1271 976 1347 1020 eum

225 1072 312 1136 diem
337 1072 472 1134 missam
496 1090 564 1136 esse
588 1073 707 1136 referat
731 1070 950 1153 Thucydides,
978 1071 1077 1134 huius
1098 1070 1355 1152 chronologiam.

227 1186 351 1270 optimo
375 1186 449 1260 iure
471 1185 601 1269 neglegi
623 1204 725 1269 posse.

270 1299 439 1364 Hactenus
470 1297 549 1366 M.S.
577 1300 621 1363 At
645 1300 730 1364 mihi
752 1300 840 1364 nihil
864 1299 1004 1383 probare
1027 1298 1160 1364 videtur
1181 1300 1350 1383 inscriptio

226 1414 295 1493 illa,
331 1414 385 1478 cui
421 1418 552 1478 tantum
587 1414 714 1478 tribuit.
749 1412 818 1478 Cur
840 1415 930 1478 enim
956 1418 1004 1478 tot
1027 1414 1245 1498 pensionibus
1268 1434 1350 1499 opus

227 1531 307 1607 erat,
341 1531 523 1611 antequam
554 1534 671 1611 parata
701 1533 785 1592 esset
817 1525 947 1592 classis?
977 1528 1125 1592 Profecto
1149 1547 1217 1593 non
1241 1530 1349 1593 aedifi·

227 1641 351 1704 candae
383 1641 437 1705 vel
467 1641 681 1725 instruendae
713 1647 808 1706 erant
833 1661 946 1717 naves,
969 1661 1045 1706 cum
1069 1661 1128 1725 per
1152 1647 1256 1706 totum
1281 1643 1349 1708 sere

226 1774 353 1818 annum
389 1774 423 1818 se
458 1758 745 1839 praeparavissent
783 1757 998 1820 Athenienses
1011 1755 1046 1839 Ι).
1082 1752 1143 1819 Sed
1180 1776 1255 1820 eum
1281 1775 1347 1820 non

230 1870 440 1952 praescirent,
477 1871 635 1954 quamdiu
672 1871 775 1934 aforet
809 1869 931 1947 classis,
967 1871 1029 1933 hoc
1064 1888 1196 1952 quoque
1219 1870 1350 1952 ignora-

228 1985 319 2061 bant,
353 1989 479 2068 quanta
512 2003 593 2067 opus
624 1985 707 2048 foret
734 1985 892 2068 pecunia:
917 1984 1026 2067 prima
1048 1984 1153 2065 igitur
1175 1985 1289 2066 pensio
1312 1985 1348 2047 in

227 2103 353 2162 certum
386 2089 517 2180 tempus
547 2097 624 2162 data
648 2103 735 2162 crat:
761 2099 874 2180 paullo
899 2103 1011 2162 autem
1036 2103 1118 2181 post,
1143 2117 1231 2162 nova
1253 2118 1349 2182 pecu·

226 2211 285 2273 nia
321 2230 402 2293 opus
437 2229 515 2289 esse,
550 2213 668 2294 patuit.
705 2209 774 2302 Cur
806 2212 848 2274 ed
879 2230 981 2275 naves
1005 2212 1179 2289 ornandas,
1205 2231 1347 2295 quarum

230 2329 383 2407 sumptus
401 2328 479 2388 anta
498 2326 687 2408 computari
707 2325 897 2408 potuissent,
918 2325 1023 2390 tribus
1042 2326 1255 2409 pensionibus
1267 2345 1349 2410 opus

232 2437 368 2502 fuisset?

270 2551 346 2617 Non
381 2553 489 2617 multo
522 2557 595 2636 post
629 2554 773 2636 primam
813 2555 1004 2636 pensionem
1044 2555 1214 2638 navigasse
1237 2555 1349 2619 classis

227 2666 310 2728 mihi
347 2666 488 2745 videtur,
523 2686 631 2750 neque
665 2663 725 2732 sub
759 2668 859 2732 linem
895 2667 976 2731 anni
1012 2668 1097 2732 hanc
1133 2668 1255 2732 factam
1281 2688 1349 2732 esse

227 2797 357 2844 neeesse
380 2776 479 2864 θεῖς).

270 2891 330 2956 Sed
355 2913 373 2958 e
396 2892 599 2976 Thucydidis
622 2894 813 2959 narratione
836 2895 917 2978 ipsa,
942 2899 1241 2979 rerumgestarum
1264 2896 1349 2960 ordi·

226 3025 304 3071 nem
329 3007 500 3072 turbatum
525 3026 603 3085 asse,
628 3007 798 3072 ostendere
821 3005 970 3072 conatus'
984 3014 1032 3073 est
1055 3009 1152 3088 M.S.;
1172 3011 1349 3090 invanum,

225 3119 260 3182 id
283 3121 371 3204 quod
395 3122 575 3204 probatum
598 3141 648 3186 eo.

271 3235 479 3319 Thucydides
512 3237 603 3301 enim
639 3235 684 3317 H,
721 3239 773 3317 26,
809 3239 1035 3302 narrationem
1069 3238 1109 3304 de
1131 3239 1228 3303 classi
1251 3237 1350 3304 Athe·

226 3351 334 3416 niensi
369 3351 557 3435 interrupit,
595 3357 632 3416 ut
666 3351 904 3436 Cleopcmpum
940 3349 1005 3432 περὶ
1042 3350 1176 3433 Λοκρίδα
1200 3354 1347 3431 missum,

226 3463 403 3550 Aeginetas
441 3443 486 3530 'ex
520 3467 631 3530 insula
664 3467 785 3550 pulsos,
820 3467 897 3531 solis
933 3469 1081 3552 eclipsin,
1117 3465 1347 3552 Nymphodori

213 3579 369 3646 actiones
392 3580 537 3644 referret.
562 3580 688 3644 Deinde
711 3580 793 3645 illuc
818 3582 1007 3646 revertitur.

268 3688 358 3758 Haec
394 3693 509 3758 omnia
544 3695 631 3759 circa
666 3694 822 3778 eclipseos
855 3700 984 3778 tempus
1007 3696 1077 3759 fieri
1103 3714 1169 3760 non
1192 3698 1348 3779 potuisse,

225 3807 394 3871 contendit
424 3807 504 3872 Me.
537 3803 633 3888 Quod
659 3812 773 3872 autem
799 3809 840 3872 de
865 3806 1065 3893 Oleopompo
1090 3813 1122 3872 et
1145 3809 1185 3872 de
1208 3809 1350 3892 Aegine-

225 3919 267 3983 tis
297 3939 338 3984 ex
367 3920 584 4002 inscriptione
614 3922 730 4000 effecit,
762 3922 797 3984 id
829 3921 950 3986 falsum
983 3941 1061 4001 esse,
1088 3942 1188 4007 supra
1211 3924 1347 3988 ostendi.

228 4073 374 4084 —u-

260 4167 274 4218 1
306 4164 418 4219 Thucl
446 4165 500 4231 125,
519 4165 542 4220 2.

258 4169 286 4320 2}
302 4255 371 4310 Nam
385 4206 448 4310 num
463 4256 530 4312 bene
546 4273 650 4312 versum
667 4258 697 4312 12
712 4259 875 4328 suppleverit
888 4259 949 4315 lis.
963 4262 1019 4328 [rot
1035 4260 1143 4312 ἐνιαυτοῦ
1159 4262 1256 4329 lippias
1271 4261 1352 4315 socrat

224 4345 284 4406 ἦσαν
301 4348 370 4408 ὀκτὼ,
388 4347 488 4401 dubito.
506 4348 601 4402 Melius
618 4350 731 4403 fortasse
749 4353 804 4403 est:
823 4355 867 4410 τῆς
886 4353 1026 4414 πρυτανείας
1044 4353 1127 4415 ἡμέραι
1144 4373 1166 4405 κ.
1176 4373 1199 4405 τ.
1209 4366 1233 4406 λ.
1250 4355 1349 4409 Octava

223 4441 312 4492 autem
330 4440 450 4509 prytania
467 4441 619 4509 pensionem
637 4441 703 4495 hanc
720 4442 817 4496 factam
836 4459 901 4508 esse,
920 4444 937 4499 i.
949 4461 970 4498 e.
991 4445 1068 4498 initio
1086 4446 1184 4499 mensis
1202 4445 1273 4512 Maii,
1294 4448 1350 4503 Wi-

188 4573 194 4586 .
223 4530 376 4585 lamowitzii
402 4533 443 4585 est
470 4531 572 4600 opinio;
600 4533 642 4586 cui
669 4532 735 4588 bene
764 4537 888 4590 convenit
914 4535 994 4590 Thuc.
1021 4539 1053 4603 11,
1083 4539 1120 4602 17,
1148 4539 1171 4591 4.
1201 4537 1261 4592 Vid.
1289 4539 1352 4594 Gur.

226 4621 307 4677 Thuc.
323 4639 348 4692 p.
368 4625 406 4677 ll.
