3046 5214
771 313 814 373 44

231 497 374 576 voluere,
409 501 546 581 rogante
583 495 866 580 (Koounhmynia
899 497 943 580 (r.
980 496 1055 574 570,
1092 495 1179 579 teo).
1215 494 1263 560 At
1298 494 1361 561 ille

230 630 356 675 morem
392 611 432 674 iis
467 630 532 674 non
568 612 677 694 gessit,
713 612 768 676 sed
802 609 933 693 προεδρίᾳ
966 616 999 675 55
1021 608 1132 684 stratur
1155 610 1299 694 dignum
1322 628 1361 675 so

230 744 297 788 esse
329 724 500 808 professus,
529 732 643 789 contra
674 724 832 791 Cleonem
856 732 966 808 petere
992 723 1099 790 noluit
1124 725 1168 807 (v.
1195 724 1273 804 574,
1299 724 1360 789 ubi

229 857 289 921 pro
313 836 485 902 Κλεαίνετον
510 839 667 903 Muellero
691 837 740 902 τὸν
753 837 924 903 mattheo
938 840 992 903 vel
1005 839 1070 904 tale
1082 839 1162 923 quid
1175 838 1358 923 legendum

230 971 297 1016 esse
323 952 478 1034 videtur).

232 1179 296 1245 578
320 1185 398 1244 5555
421 1181 585 1264 scripsisse
609 1186 752 1263 poetam,
776 1181 946 1245 contendit
966 1181 1065 1259 158,
1086 1186 1263 1264 sequentes
1276 1202 1360 1248 vero

231 1314 344 1358 versus
375 1299 448 1377 post
479 1295 672 1359 electionem
705 1295 839 1359 denium
871 1295 1084 1380 eddidisse1).
1116 1295 1160 1360 At
1182 1296 1232 1378 (ut
1255 1315 1361 1379 quae·

230 1388 372 1474 stionem
404 1409 444 1474 de
475 1415 691 1492 strategorum
724 1406 894 1474 electionis
923 1416 1071 1492 tempore
1094 1430 1184 1474 nuno
1209 1410 1363 1494 mittem)

230 1543 289 1587 our
315 1523 351 1585 in
375 1523 595 1606 epirrhemate
618 1523 829 1587 Phormionis
854 1542 975 1587 nomen
1000 1523 1135 1588 reticuit
1160 1523 1356 1607 Aristopha-

231 1656 299 1714 nes,
330 1657 390 1701 cur
418 1656 460 1701 ne
483 1636 620 1701 obscure
642 1637 778 1719 quidem
803 1635 1024 1718 significavit?
1047 1634 1117 1701 Cur
1140 1657 1207 1701 non
1232 1637 1274 1702 de
1300 1637 1357 1703 ho·

231 1750 333 1814 stium
353 1751 496 1814 navibus
516 1751 733 1814 numerandis
755 1751 884 1814 locutus
904 1754 953 1813 est
973 1751 1025 1814 sed
1049 1769 1067 1814 5
1085 1751 1251 1834 palaestra
1272 1731 1360 1816 1515

229 1863 340 1946 ginem
366 1864 506 1946 sumpsit
531 1863 575 1944 (v.
599 1882 699 1946 supra
721 1883 752 1947 p.
779 1860 832 1947 6)1
854 1864 896 1927 ut
918 1864 1019 1947 (quod
1032 1864 1164 1928 maioris
1176 1867 1358 1950 momenti)
1422 1950 1425 1954 .

230 1977 393 2058 quomodo
425 1977 598 2060 aequalem
631 1977 719 2040 inter
749 1974 881 2057 πατέρας
905 1975 996 2063 (565)
1021 1979 1198 2042 nominare
1222 1979 1360 2061 potuit?

231 2086 403 2169 Quomodo
425 2091 562 2155 eundem
584 2091 693 2154 virum
714 2096 746 2154 et
766 2092 854 2156 inter
868 2089 939 2172 τοὺςΙ
954 2089 1138 2172 στρατηγοὺς
1157 2089 1224 2164 τοὺς
1237 2091 1291 2172 πρὸ
1304 2096 1357 2158 τοῦ

231 2211 264 2268 55
298 2205 385 2268 inter
418 2223 482 2282 eos,
516 2205 575 2288 qui
606 2207 653 2268 νῦν
684 2211 772 2283 sunt,
805 2206 914 2288 potuit
946 2204 1144 2293 numeraret
1175 2203 1356 2273 Praeterea

231 2318 325 2382 verbi
368 2315 474 2398 φέρωσι
517 2318 604 2403 (575)
649 2319 833 2384 subiectum
870 2325 918 2383 est
948 2319 1150 2384 vocabulum
1181 2320 1359 2411 στρατηγοί.

233 2430 302 2495 Nec
337 2450 414 2496 vero
445 2437 606 2513 strategus
636 2437 707 2496 erat
737 2432 905 2510 Phormio,
937 2433 992 2496 sed
1019 2428 1126 2510 ἄτιμος
1149 2451 1191 2495 55
1213 2433 1360 2515 55515155

233 2545 376 2628 quidem.
413 2546 456 2608 Et
497 2546 578 2628 quid
613 2547 648 2608 in
683 2546 834 2610 Muelleri
870 2546 1145 2629 interpretatione
1168 2545 1361 2645 significare

232 2661 336 2741 potest
378 2659 515 2722 verbum
557 2656 709 2739 ἐρόμενοςΡ
743 2657 837 2721 Nihil
872 2660 963 2723 enim
997 2678 1018 2722 5
1052 2656 1177 2723 Clenna
1211 2661 1360 2743 petierat

231 2772 396 2837 Phormio.

254 2868 395 2950 ¹Nonne
419 2887 543 2969 optime
566 2888 680 2951 omnia
703 2888 889 2966 cohaerent,
914 2888 941 2950 51
963 2887 1218 2951 Wilamowitzii
1236 2907 1359 2954 versus

234 3001 297 3064 574
318 3001 571 3083 explicationem
590 3001 806 3078 admittimus,
820 3005 942 3078 „antea
953 3000 1085 3067 Cleonis
1097 3006 1225 3084 patrem
1239 2999 1358 3068 (11555-

233 3118 349 3176 netum
374 3113 541 3178 hominem
566 3115 719 3198 ignotum
744 3116 913 3178 neminem
938 3111 1147 3199 adiisse''?²).

276 3228 325 3290 Ea
359 3232 482 3304 antem,
512 3247 597 3311 quae
629 3229 668 3292 de
698 3229 808 3292 verbis
840 3225 1017 3309 νριυΦραὶκτῳ
1048 3230 1163 3309 στρατῷ
1186 3234 1220 3293 55
1242 3234 1359 3308 κομῶσι

232 3342 404 3406 contendit
426 3343 467 3404 M.
481 3340 523 3420 8.,
547 3343 648 3405 511515
670 3344 819 3425 quaesita
843 3361 911 3407 esse
936 3341 1014 3405 mihi
1041 3344 1205 3407 videntur.

277 3456 446 3520 Postremo
477 3456 505 3518 51
531 3454 768 3538 Aristophanes
790 3456 1001 3519 Phormionis
1024 3457 1229 3521 recusatione
1253 3458 1359 3523 offen·

233 3589 298 3647 sus,
342 3567 514 3633 dimidiam
558 3569 666 3633 laudis
707 3574 835 3652 partem
879 3570 1012 3647 delevit,
1048 3575 1085 3633 ut
1119 3571 1204 3633 alios
1240 3590 1359 3636 versus

235 3785 380 3795 ---

266 3941 292 4005 1)
312 3939 364 4002 „So
382 3939 468 3992 sicher
484 3936 526 3992 die
544 3937 644 3992 Jonlrer
660 3936 726 3990 auch
745 3936 791 3990 des
809 3935 928 4005 llrfolges
945 3934 1016 3990 ihres
1034 3936 1181 4006 Ansehlags
1198 3951 1293 4001 waren,
1304 3939 1357 3994 wie

227 4031 276 4101 'der
293 4031 373 4085 sehon
390 4031 486 4100 fertige
503 4029 572 4084 Loh·
588 4027 643 4082 und
661 4028 887 4097 Triumphgcrang
904 4027 950 4082 des
969 4028 1093 4082 Dichters
1110 4029 1138 4082 in
1155 4027 1254 4083 diesem
1271 4030 1358 4084 Stiicls
1457 4066 1460 4071 -

230 4124 341 4180 beweist
366 4154 400 4164 —
425 4122 471 4177 der
495 4123 549 4177 5155
572 4120 641 4175 Held
659 4121 735 4175 hatte
751 4120 832 4174 ihnen
850 4120 926 4174 einen
944 4120 1034 4176 Strioh
1051 4120 1134 4175 durch
1150 4120 1192 4175 die
1208 4122 1360 4194 Rechnnng

230 4215 370 4287 gemacht''
389 4217 425 4285 (p.
444 4216 509 4283 684).

262 4309 289 4377 2)
316 4307 449 4374 Quomodo
476 4306 548 4361 Koclr
575 4321 612 4370 55,
636 4304 731 4376 quibus
749 4305 784 4358 M.
796 4306 823 4360 S.
840 4305 953 4374 priorem
971 4306 1067 4360 5555151
1085 4308 1187 4375 5515551
1206 4306 1353 4375 explicavit,

228 4416 287 4454 cum
312 4398 538 4464 interpretatione,
562 4413 640 4468 quem
663 4397 829 4466 sequentinm
847 4395 920 4451 dedit
939 4414 961 4450 v.
982 4397 1166 4464 Wilamowitz,
1184 4398 1293 4467 iungere
1311 4415 1354 4468 po

227 4492 318 4556 tuerit,
337 4491 386 4544 hoo
403 4505 454 4544 non
474 4489 562 4558 55515.
