3324 5392
846 423 917 485 '60

383 615 556 678 Praeterea
589 612 674 676 Xen.
709 609 794 676 Hell.
831 609 874 690 Il,
911 611 941 688 3,
978 611 997 673 8
1030 610 1168 693 legimus
1198 627 1219 670 a
1244 607 1460 691 trigintaviris

339 748 451 794 omncs
474 728 636 793 delatores
660 726 919 810 comprehensos,
944 723 1059 808 capitis
1083 724 1252 788 arcessitos
1275 741 1343 786 csse
1366 717 1417 784 καί
1441 715 1460 792 ἥ

338 866 372 907 τε
395 840 488 920 βούλν
512 840 601 914 ἡδέως
624 841 721 905 αὐτῶν
745 838 1099 924 κατεψυφίζετοῑ).
1122 840 1165 902 Et
1184 839 1330 903 eiusdem
1343 835 1459 920 capitis

338 957 356 1042 ψ
380 959 419 1020 20
457 975 563 1021 novae
599 956 681 1039 legis
713 956 837 1019 mentio
868 955 922 1019 fit:
954 950 1015 1017 ἔστι
1039 952 1071 1017 δὲ
1093 953 1122 1017 ἔν
1144 957 1202 1023 τοῖς
1225 956 1330 1024 καινοῖς
1353 949 1459 1027 νίμοις,

338 1071 394 1134 τῶν
417 1067 472 1146 μὲν
494 1069 523 1132 ἐν
546 1075 607 1141 τοῖς
631 1065 801 1147 τρισχιλίοις
824 1065 911 1132 ὄντων
934 1065 1048 1145 μηδένα
1067 1064 1255 1140 ἀποθνήσκειν
1278 1061 1369 1128 doro
1391 1068 1460 1136 τῆς

338 1179 531 1262 ὑμετέρας
554 1179 708 1262 ψιίφου,
733 1183 789 1245 τῶν
812 1180 838 1244 δ’
859 1175 913 1252 ἔξω
932 1184 983 1244 τοῦ
1003 1179 1172 1258 καταλόγου
1191 1176 1300 1258 κυρίους
1312 1171 1461 1249 εἶναιτοὺς

336 1294 490 1377 τριοίκοντα
513 1283 666 1360 θανατοῦν.
691 1297 858 1360 Postremo
882 1294 981 1360 laudo
1001 1296 1043 1376 Π,
1064 1298 1094 1375 4,
1116 1295 1217 1373 6,.ubi
1230 1294 1308 1357 dicit
1320 1291 1459 1357 Critias:

336 1413 392 1475 τῶν
415 1402 461 1474 οὖν
484 1405 710 1488 ξυνειλεγμένοι
735 1409 916 1474 Ἐλευσινίαν
936 1405 1270 1490 καταψηφιστέον
1294 1403 1458 1471 ἐστίν...

336 1521 433 1598 δείξας
456 1522 487 1588 δέ
508 1547 535 1588 τι
558 1523 671 1604 χωρίον,
695 1524 725 1595 ἐς
748 1526 832 1588 τοῦτο
854 1522 988 1588 ἐκέλευσε
1011 1521 1142 1604 φανερὰν
1163 1520 1257 1603 φέρειν
1278 1521 1331 1590 τίον
1343 1524 1457 1602 ψῆφον.

336 1639 532 1704 Aristoteles
563 1639 695 1723 quidem
726 1639 806 1703 dicit
829 1638 938 1722 (Ἀίνν.
964 1646 1037 1701 ssoh
1062 1658 1090 1702 c.
1115 1637 1185 1720 35):
1210 1633 1262 1699 καί
1285 1635 1318 1700 τὸ
1341 1633 1459 1715 κῦροςὸ

337 1746 370 1826 ἦν
405 1752 435 1816 ἕν
469 1758 527 1824 τοῖς
561 1751 717 1824 δικασταῖς
750 1749 927 1825 κατέλυσαν,
965 1753 1020 1817 sed
1052 1753 1129 1816 indc
1160 1753 1251 1835 sequi
1284 1751 1366 1814 mihi
1389 1769 1458 1813 non

336 1868 475 1945 videtur,
498 1886 630 1951 prorsus
657 1867 787 1931 sublata
811 1886 878 1930 esse
902 1867 1035 1945 iudicia,
1062 1885 1169 1950 neque
1191 1865 1299 1949 capito
1322 1865 1374 1942 41,
1398 1864 1459 1928 ubi

338 1982 488 2065 legimus,
513 2001 597 2066 quae
623 1987 694 2064 post
716 1979 874 2064 populare
896 1981 1070 2064 imperium
1091 1997 1178 2044 anno
1191 1979 1254 2042 403
1267 1980 1456 2043 institutum

336 2095 424 2158 faeta
459 2095 535 2172 sint,
571 2095 679 2159 denuo
716 2114 755 2158 ea
786 2095 940 2158 instituta
970 2114 1038 2158 csse
1071 2099 1195 2157 narrat.
1227 2093 1332 2177 Atqui
1361 2091 1388 2156 si
1411 2112 1455 2156 nc

336 2209 397 2273 sub
429 2209 647 2292 trigintaviris
679 2209 810 2292 quidem
834 2209 965 2272 sublata
989 2215 1076 2285 sunt,
1100 2207 1193 2271 nullo
1217 2208 1311 2272 modo
1335 2225 1457 2290 ponere

336 2323 422 2400 licet,
454 2341 542 2386 anno
574 2323 636 2384 411
662 2322 785 2386 factum
807 2324 842 2387 id
866 2341 943 2386 esse.
968 2321 1083 2406 Neque
1105 2322 1175 2385 ulla
1197 2323 1246 2386 rei
1269 2322 1306 2384 fit
1330 2322 1454 2385 mentio

336 2436 372 2498 in
407 2455 477 2518 cap.
510 2435 551 2497 30
583 2456 664 2520 sqq„
694 2437 755 2500 ubi
785 2437 932 2500 civitatis
955 2437 1155 2501 mutationes
1177 2436 1275 2500 huius
1298 2437 1380 2499 anni
1404 2437 1456 2500 de·

335 2550 535 2615 scribuntur.

380 2661 476 2744 Quod
499 2669 610 2728 autem
637 2665 678 2728 ad
703 2664 854 2728 ecclesias
876 2665 1029 2747 pertinet,
1053 2665 1114 2728 suh
1139 2665 1454 2748 quadringentorum
1517 2671 1525 2686 ⁰

335 2783 454 2842 senatu
476 2797 530 2842 eas
550 2779 680 2842 habitas
700 2797 766 2840 non
788 2797 866 2856 esse,
880 2782 994 2841 narrat
1005 2779 1213 2860 Thucydides
1227 2776 1321 2857 VIII,
1336 2781 1388 2857 92,
1403 2780 1454 2842 ll.

336 2891 379 2955 At
401 2892 451 2954 nil
474 2893 660 2956 mirandum
684 2897 742 2970 est,
766 2893 796 2956 si
820 2894 923 2957 verba
945 2891 1049 2972 ψήφου
1074 2890 1278 2972 ἐπενεχθείσας
1291 2893 1315 2976 1)
1338 2893 1455 2958 falsam

334 3004 481 3070 referunt
524 3006 723 3088 opinionem,
759 3025 836 3070 nam
872 3007 952 3070 duas
986 3005 1220 3090 explicationes
1254 3008 1454 3073 Philostrato

334 3126 430 3185 notas
463 3122 572 3198 fuisse,
605 3141 646 3184 ex
670 3121 740 3186 eius
765 3122 872 3186 verbis
895 3126 1004 3204 patet;
1029 3142 1167 3205 quarum
1191 3123 1329 3186 alteram
1352 3123 1455 3206 igitur

333 3235 449 3298 falsam
485 3255 563 3313 esse,
599 3255 728 3300 necesse
764 3241 823 3299 est.
854 3236 1006 3300 Fortasse
1037 3238 1207 3301 annotatio
1231 3237 1355 3320 aliqua,
1380 3239 1487 3300 con·‘

333 3347 523 3413 demnatum
559 3368 626 3412 esse
656 3349 868 3430 Protagoram
885 3369 910 3427 ,e
936 3346 1099 3431 Diopithis
1121 3350 1452 3434 psephismate³)

332 3482 504 3546 perversae
529 3463 599 3526 eius
623 3460 787 3545 opinionis
810 3482 909 3537 causa
929 3462 1001 3526 fuit.

376 3575 500 3640 Narrat
534 3582 646 3641 autem
680 3576 766 3640 idem
801 3577 1018 3641 Philostratus
1031 3575 1069 3661 ⁴),
1105 3579 1317 3661 Protagoram
1349 3599 1455 3662 parva

367 3787 392 3854 1)
416 3785 475 3839 Non
498 3801 540 3838 me
563 3785 638 3848 latet,
661 3785 704 3838 his
721 3785 786 3840 locis
803 3802 855 3839 uon
872 3786 903 3840 de
922 3786 1023 3842 heliaca
1040 3788 1086 3842 sed
1103 3788 1135 3842 de
1154 3790 1247 3842 senatu
1264 3790 1321 3858 agi;
1340 3789 1385 3844 scd
1404 3791 1455 3845 hoc

330 3881 436 3934 tantum
462 3877 598 3932 ostendere
627 3879 735 3931 conatus
761 3893 826 3942 sum,
851 3879 908 3931 fieri
926 3879 1043 3946 potuisse
1061 3879 1109 3934 sub
1127 3881 1311 3949 trigIntariris,
1329 3884 1360 3935 ut
1377 3897 1455 3940 accu-

331 3971 434 4023 saretur
450 3968 546 4036 aliquis
564 3971 590 4022 et
610 3967 833 4034 condemnaretur,
850 3969 911 4023 inde
929 3973 1017 4024 autem
1035 3971 1161 4040 suspicor,
1175 3973 1455 4028 υιιιιο411υοιια11υιιι

330 4077 417 4115 rerum
433 4061 514 4114 fuisse
532 4063 641 4122 statum,
659 4061 749 4130 itaque
767 4060 884 4129 probavi,
899 4062 1006 4115 verbum
1022 4066 1110 4128 κριθείς,
1120 4079 1171 4133 quo
1181 4065 1267 4117 utitur
1275 4063 1457 4120 Philostratus

329 4156 360 4208 de
377 4153 529 4222 Protagora,
548 4153 647 4221 optime
666 4152 719 4205 dici
735 4152 852 4221 potuisse
870 4152 901 4207 de
920 4153 1169 4223 quadringentorum
1187 4155 1357 4222 temporibus.

364 4245 462 4314 Dilis.
488 4244 512 4298 d.
540 4243 603 4298 Nat.
630 4247 705 4298 Deor.
723 4244 745 4311 1,
771 4244 817 4298 23:
842 4245 1061 4306 „Atheniensium
1077 4246 1184 4315 iossu¹'‚
1201 4247 1297 4302 Minuc.
1318 4248 1373 4302 Fcl.
1392 4249 1456 4304 Oct.

328 4340 352 4405 8,
371 4341 399 4394 3:
418 4339 462 4402 „iu
481 4335 627 4392 contione.''

361 4432 388 4497 3)
407 4430 611 4494 είςαγγέλλεσίαι
634 4432 690 4488 τούς
712 4433 745 4480 τίς
770 4429 820 4480 θεῖα
848 4431 883 4493 μὴ
901 4432 1037 4498 νομίζοντας
1054 4433 1068 4491 ’ἢ
1085 4436 1174 4496 λόγους
1191 4435 1241 4496 περ)
1258 4439 1304 4484 τῶν
1321 4435 1455 4497 μεταρσίων

328 4523 490 4581 διδάσκοντας.

359 4617 386 4682 4)
405 4615 446 4670 Of.
465 4615 538 4684 Diog.
559 4614 647 4668 Lacrt.
666 4615 713 4683 IX,
730 4615 754 4680 8,
775 4618 799 4669 l.
