3046 5214
791 353 832 415 34

248 545 285 603 ut
309 540 523 603 Athenienses
545 557 685 621 magnae
704 538 949 621 imprudentiae
968 555 1040 600 reos
1060 537 1167 600 faeere
1179 534 1372 599 videatur.’'

246 654 429 730 Praeterea,
465 653 590 735 opinor,
627 656 659 716 et
691 652 816 716 bellum
848 652 1016 715 Pamisum
1043 656 1076 713 ct
1099 651 1135 712 in
1161 649 1312 732 Aegypto
1338 654 1375 713 et

246 766 428 831 insularum
454 766 638 831 obsidiones
660 785 756 850 saepe
779 766 925 830 difficiles
948 770 980 830 et
1003 765 1119 848 longas
1140 764 1373 842 Athenienses,

247 881 424 963 pessimum
451 881 550 943 talem
576 898 643 943 esse
669 898 806 957 morem,
831 878 975 943 docuisse
999 898 1129 943 necesse
1152 884 1211 942 est.

291 992 444 1056 Muelleri
464 1001 577 1055 autem
598 992 771 1075 hypothesi
787 992 945 1056 facillime
957 992 1115 1074 explicari
1128 995 1233 1074 potest
1246 990 1373 1072 Pytho-

247 1103 318 1170 dori
340 1106 505 1187 strategia,
528 1106 586 1187 qui
610 1106 811 1169 adventante
836 1124 911 1169 rere
931 1106 1196 1186 (marmoreorum
1209 1106 1371 1187 χειμῶνος)

247 1219 282 1280 in
315 1219 463 1282 Siciliam
496 1220 580 1283 abiit
610 1226 740 1302 praetor
763 1237 876 1282 recens
899 1223 1027 1282 creatus
1053 1219 1167 1299 (Thuc.
1193 1215 1255 1295 III,
1282 1220 1372 1298 115).

248 1330 355 1395 Multo
389 1332 522 1413 quidem
561 1331 731 1396 meliorem
770 1333 1076 1414 interpretationem
1114 1332 1203 1395 dedit
1238 1333 1282 1394 M.
1296 1332 1328 1396 S.
1346 1332 1371 1414 1)

248 1465 347 1528 quam
381 1446 524 1522 Boeckh,
552 1446 609 1528 qni
633 1447 675 1509 ad
698 1446 887 1528 strategiam
914 1446 1212 1510 extraordinariam
1238 1446 1371 1529 refugit.

293 1560 328 1623 Si
353 1578 430 1624 vero
454 1561 516 1623 sub
542 1560 638 1624 finem
664 1560 756 1635 anni,
777 1579 889 1624 mense
910 1564 991 1642 puta
1013 1557 1272 1642 Seirophcrione,
1286 1560 1369 1624 elec·

248 1673 353 1737 tiones
378 1673 508 1737 habitas
529 1692 596 1736 esse
615 1674 802 1750 statuimus,
826 1693 936 1738 nonne
956 1693 1164 1757 summopere
1177 1675 1370 1738 mirandum

247 1791 305 1863 est,
332 1786 571 1868 Thucydidem,
595 1806 673 1850 cum
698 1785 830 1850 Niciam
852 1787 1082 1870 magistratum
1097 1787 1281 1871 deposuisse
1293 1807 1371 1851 nar·

246 1904 335 1963 raret
366 1899 437 1981 (IV,
471 1899 535 1981 28),
560 1919 627 1963 non
652 1899 825 1974 addidisse,
848 1901 1063 1983 paucissimos
1088 1904 1218 1965 tantum
1243 1901 1313 1964 dies
1338 1902 1369 1966 ei

248 2017 328 2078 tunc
353 2015 390 2076 in
414 2014 609 2096 magistratu
633 2012 850 2098 superfuisse?

292 2126 377 2193 Cum
412 2128 515 2211 igitur
547 2128 657 2191 hiemo
688 2126 741 2192 vel
765 2147 843 2193 vere
867 2126 1041 2193 electiones
1063 2129 1164 2193 factas
1187 2147 1266 2204 esse,
1289 2147 1369 2192 cum

248 2242 408 2306 Muellero
436 2261 629 2325 persuasum
654 2242 805 2320 habeam,
830 2262 920 2307 nunc
944 2243 1126 2307 videndum
1151 2247 1208 2318 est,
1233 2262 1275 2305 an
1300 2243 1371 2325 ipsa

249 2356 371 2418 mensis
398 2356 499 2437 possit
522 2355 614 2419 effici.
640 2353 748 2436 Quem
773 2375 814 2419 ax
838 2356 939 2420 Arist.
964 2356 1108 2421 Acharn.
1133 2377 1165 2420 v.
1192 2356 1370 2418 cce-619

248 2469 427 2552 repperisse
450 2470 513 2534 sibi
537 2470 670 2534 videtur
693 2507 735 2517 —
759 2471 894 2548 iniuria,
919 2477 957 2534 nt
980 2472 1149 2535 ostendere
1172 2471 1324 2535 conabor.

248 2681 338 2744 Lam.
427 2645 513 2744 ταυτί
536 2679 634 2759 λὲγεις
657 2680 693 2745 σὺ
717 2682 766 2745 τόν
788 2681 952 2762 στρατηγόν
975 2681 1096 2760 πτωχός
1120 2680 1174 2757 sirm
1304 2682 1370 2744 593

248 2795 321 2859 Dio.
422 2793 479 2871 ἐγὼ
502 2792 562 2875 χοίρ
584 2793 644 2871 εἶμι
667 2791 806 2874 πτυχός;
829 2831 872 2842 -
895 2792 980 2858 athei
1001 2794 1046 2866 τίς
1066 2795 1124 2874 γὰρ
1148 2788 1188 2870 είς

359 2943 402 2955 -
425 2905 522 2983 όστιςς
545 2907 669 2981 πολίτης
691 2907 831 2988 χρηστὸς,
856 2908 887 2971 οὐ
912 2906 1144 2989 σπουδαρχίδης,
1306 2911 1372 2972 595

424 3020 496 3084 ἀλλ’
520 3017 552 3094 ἐξ
575 3018 640 3084 ίτου
662 3044 715 3102 περ
738 3021 751 3084 θ
773 3021 903 3097 πόλεμος
926 3020 1136 3101 στρατωνίδης,

426 3132 462 3196 σὺ
485 3133 511 3197 δ’
536 3129 570 3207 ἕξ
591 3130 655 3197 ότου
678 3157 731 3214 περ
754 3133 767 3196 ὃ
789 3133 919 3212 πόλεμος
943 3133 1142 3214 μισθαρνίδης.

360 3284 401 3296 -
428 3245 645 3328 ἐχειροτόνησαν
668 3246 726 3329 χείρ
750 3271 799 3326 με.
825 3286 861 3296 ·-
891 3247 1032 3327 κόκκυγές
1054 3272 1092 3326 γε
1113 3254 1199 3329 τρεῖς.

427 3362 515 3425 ταῦτ’
539 3355 585 3426 οὗν
608 3362 667 3440 ἐγὼ
691 3359 924 3440 βδελυττόμενος
948 3360 1141 3440 ε’σπεισοίμην,

427 3476 492 3557 δρῶν
514 3476 630 3549 πολιοὺς
655 3476 709 3555 μὲν
733 3475 840 3559 ἄνδρας
863 3478 892 3541 εὐ
915 3485 984 3550 ταῖς
1007 3474 1136 3552 τόξεσιν,
1306 3480 1371 3542 600

427 3589 542 3663 νεηνίης
565 3590 591 3654 δ’
616 3584 670 3662 οἷος
693 3590 730 3655 σὺ
753 3589 979 3670 διαδεδρακότας

426 3703 492 3776 τοὺς
514 3703 569 3782 μὲν
587 3701 636 3768 ε’πδ
650 3703 767 3787 Θρηίκης
780 3705 1027 3786 μισθοφοροῦντας
1038 3710 1115 3785 τρεῖς
1127 3703 1281 3784 δραχμόις,

426 3817 770 3900 Τισαμενοφαινίππους,
794 3817 1131 3900 Πανουργιππαρχίδας·

427 3929 536 4012 ἐτέρους
559 3932 590 3996 δὲ
613 3930 695 4013 παροδ
717 3930 837 4013 Χοίρητι,
861 3931 928 4004 τοὺς
951 3931 978 3996 δ’
1002 3932 1031 3996 ἐν
1054 3929 1161 3996 Χαόσιυ

429 4045 690 4127 Γερητοθεοδώρους,
717 4043 982 4125 Διομειαλαζόνας,
1308 4047 1373 4111 605

427 4157 495 4232 τοὺς
518 4158 544 4223 δ’
569 4160 598 4223 ἐν
622 4157 774 4240 Καμαρίνη
800 4159 856 4223 αοίν
881 4157 960 4242 Γθηρι
982 4158 1038 4222 κοίν
1062 4156 1237 4242 Καταγέλμ

362 4309 406 4322 -
429 4271 681 4353 ἐχειροτονήθησαν
704 4271 771 4353 χοίρ.
796 4309 840 4322 -
862 4268 952 4336 αίτιον
975 4271 1007 4336 δὲ
1029 4271 1061 4336 τί

284 4533 310 4600 1)
328 4532 360 4587 In
377 4531 548 4586 annotatione
566 4531 599 4586 ad
616 4549 641 4601 p.
659 4532 718 4587 498.
