3046 5214
734 1746 782 1819 X.

244 1967 289 2033 De
301 1969 510 2032 Plataearum
525 1969 695 2034 obsidione
709 1967 831 2049 (Fleck.
845 1965 956 2033 Jahrb.
975 1970 1067 2047 1885,
1081 1989 1112 2052 p.
1127 1971 1318 2050 tto-348,

283 2083 336 2146 die
359 2082 664 2165 glaubwiirdigkeit
687 2082 742 2145 des
762 2077 975 2162 Thukydides
995 2083 1124 2164 gepriilt
1143 2102 1186 2145 an
1206 2085 1317 2149 seiner

285 2197 489 2280 darstellung
513 2198 570 2260 der
593 2197 796 2279 belagerung
820 2215 883 2259 von
908 2195 1063 2280 Plateia).

242 2386 427 2469 Disputatio
464 2386 543 2450 haec
577 2385 665 2447 inter
696 2383 913 2466 lepidissimus
942 2383 1112 2447 referenda
1143 2391 1200 2463 est,
1235 2405 1319 2468 quas

196 2498 325 2579 scripsit
357 2498 455 2576 M.S.;
479 2517 539 2562 nec
563 2516 641 2561 vero
666 2497 793 2560 facetiis
817 2517 892 2560 usus
916 2501 972 2574 est,
997 2501 1034 2560 ut
1057 2498 1199 2562 debilem
1227 2500 1320 2563 dissi·

198 2611 342 2676 mularet
374 2611 713 2694 argumentationem:
741 2615 809 2672 tam
833 2629 949 2692 graves
973 2611 1062 2673 enim
1088 2616 1204 2675 contra
1230 2613 1320 2676 Thu·

196 2724 346 2805 cydidem
379 2724 515 2806 protulit
547 2723 778 2800 accusationes,
811 2727 847 2786 ut
871 2724 907 2801 is,
931 2724 989 2806 qui
1013 2721 1109 2806 legat,
1134 2725 1319 2790 delectetur

195 2838 340 2919 quidem,
365 2838 419 2901 sed
443 2837 557 2901 eodem
582 2842 727 2920 ternpore
754 2837 897 2901 maximo
921 2830 1022 2900 dubio
1044 2843 1195 2921 angatur.

240 2949 326 3013 Nam
361 2970 428 3014 non
466 2951 561 3015 modo
596 2951 734 3032 scriptor
764 2952 885 3041 summi
918 2952 1053 3034 ingenii,
1085 2954 1128 3016 ab
1160 2957 1316 3018 omnium

196 3069 382 3148 temporum
416 3065 605 3128 hominibus
629 3084 837 3146 summopere
859 3064 1021 3144 laudatus,
1046 3068 1162 3131 ceteris
1186 3068 1318 3133 histori-

196 3179 241 3242 cis
272 3178 449 3260 praelatus,
473 3178 513 3241 de
537 3178 681 3240 culmine
705 3178 855 3256 deicitur,
880 3179 933 3242 sed
956 3179 1208 3244 celeberrimum
1235 3202 1316 3266 quo·

195 3311 259 3374 que
281 3291 473 3376 episodium,
495 3291 588 3354 cuius
608 3291 889 3373 pulchritudinem
912 3293 947 3354 in
968 3293 1096 3357 coelum
1110 3295 1317 3360 sustulerant

196 3424 309 3469 ornnes
338 3405 402 3467 viri
427 3405 525 3480 docti,
551 3424 656 3467 unum
682 3405 888 3469 mendacium
914 3424 981 3470 esse
1004 3407 1195 3486 ostenditur,
1221 3429 1317 3492 argu·

197 3519 317 3582 mentis
340 3539 406 3582 non
432 3518 606 3582 diluendis.

239 3629 328 3711 Quid
361 3633 451 3696 enim
483 3632 610 3696 obicere
641 3651 826 3714 possumus,
861 3634 917 3698 ubi
942 3655 959 3698 e
983 3637 1149 3700 viatorum
1174 3638 1214 3702 de
1242 3640 1316 3703 Pla-

144 3830 148 3840 Ι
196 3749 344 3810 taearum
380 3746 511 3828 regione
548 3746 657 3809 verbis
693 3747 835 3810 ostendit
858 3748 947 3827 Ma„
972 3749 1043 3812 fieri
1067 3770 1133 3814 non
1160 3753 1316 3834 potuisse,

196 3864 234 3921 ut
266 3878 359 3922 muro
382 3859 424 3923 ab
450 3860 540 3922 hoste
563 3859 823 3924 circumdaretur
846 3860 946 3925 urbs?
969 3859 1066 3942 Quid,
1091 3864 1118 3926 si
1137 3871 1315 3948 computa·

195 3973 255 4052 vit,
280 3975 409 4056 tenipus
431 3973 472 4035 ad
497 3992 571 4036 eum
593 3973 830 4037 aedificandum
851 3994 918 4038 non
938 3975 1121 4040 suffecisse?
1140 3975 1315 4058 Quomodo

195 4087 324 4151 credere
355 4105 540 4169 possumus,
568 4086 665 4169 longa
689 4091 800 4150 tantae
823 4087 913 4150 urbis
940 4090 1073 4152 moenia
1096 4109 1116 4152 a
1139 4095 1209 4154 tam
1235 4111 1314 4174 pau·

195 4201 241 4263 cis
272 4201 352 4264 viris
383 4221 439 4284 per
471 4201 551 4264 duos
582 4220 684 4264 annos
716 4200 846 4264 defensa
878 4198 969 4266 esse?
993 4200 1133 4282 Qualem
1159 4224 1313 4288 aggerem

179 4291 292 4377 ¹fuisse
325 4333 455 4378 sumere
486 4314 651 4391 debemus,
685 4334 761 4376 cum
793 4334 811 4377 e
840 4312 883 4393 II,
911 4314 960 4392 75,
987 4318 1004 4377 6
1031 4336 1134 4399 usqne
1158 4320 1199 4382 ad
1223 4321 1315 4384 urbis

196 4445 328 4490 murum
350 4432 577 4491 coacervatum
600 4445 676 4489 eum
697 4445 765 4490 esse
784 4432 905 4510 pateat,
925 4447 1062 4511 sequens
1081 4434 1194 4495 tamen
1214 4438 1314 4515 caput

194 4539 350 4625 explicari
383 4560 448 4605 non
479 4540 589 4623 possit,
620 4541 685 4603 nisi
715 4540 811 4624 spatii
844 4543 972 4627 aliquid
997 4544 1187 4610 interfuisse
1211 4565 1312 4629 pona·
