<?xml version="1.0" encoding="UTF-8"?>
<!DOCTYPE html PUBLIC "-//W3C//DTD XHTML 1.0 Transitional//EN"
    "http://www.w3.org/TR/xhtml1/DTD/xhtml1-transitional.dtd">
<html xmlns="http://www.w3.org/1999/xhtml" xml:lang="en" lang="en">
 <head>
  <title>
</title>
<meta http-equiv="Content-Type" content="text/html;charset=utf-8" />
  <meta name='ocr-system' content='tesseract 3.04.00' />
  <meta name='ocr-capabilities' content='ocr_page ocr_carea ocr_par ocr_line ocrx_word'/>
</head>
<body>
  <div class='ocr_page' id='page_1' title='image "./quaestionesatti00konigoog_0043.png"; bbox 0 0 3046 5214; ppageno 0'>
   <div class='ocr_carea' id='block_1_1' title="bbox 740 325 781 386">
    <p class='ocr_par' dir='ltr' id='par_1_1' title="bbox 740 325 781 386">
     <span class='ocr_line' id='line_1_1' title="bbox 740 325 781 386; baseline 0.024 -1"><span class='ocrx_word' id='word_1_1' title='bbox 740 325 781 386; x_wconf 86' lang='grc'><strong>32</strong></span> 
     </span>
    </p>
   </div>
   <div class='ocr_carea' id='block_1_2' title="bbox 193 505 1327 1279">
    <p class='ocr_par' dir='ltr' id='par_1_2' title="bbox 193 505 1327 1279">
     <span class='ocr_line' id='line_1_2' title="bbox 194 505 1322 593; baseline 0.001 -21"><span class='ocrx_word' id='word_1_2' title='bbox 194 508 305 582; x_wconf 74' lang='grc' dir='ltr'><strong><em>ἰδιώτην</em></strong></span> <span class='ocrx_word' id='word_1_3' title='bbox 336 529 412 574; x_wconf 92' lang='lat' dir='ltr'><strong>eum</strong></span> <span class='ocrx_word' id='word_1_4' title='bbox 444 511 594 593; x_wconf 76' lang='lat' dir='ltr'><strong>strategis</strong></span> <span class='ocrx_word' id='word_1_5' title='bbox 625 510 844 593; x_wconf 88' lang='lat' dir='ltr'><strong>adiungerent</strong></span> <span class='ocrx_word' id='word_1_6' title='bbox 859 508 896 592; x_wconf 87' lang='lat'><strong>¹),</strong></span> <span class='ocrx_word' id='word_1_7' title='bbox 920 529 998 574; x_wconf 86' lang='lat' dir='ltr'><strong>mox</strong></span> <span class='ocrx_word' id='word_1_8' title='bbox 1022 505 1322 575; x_wconf 76' lang='lat' dir='ltr'><strong>Hecatombaeone</strong></span> 
     </span>
     <span class='ocr_line' id='line_1_3' title="bbox 196 621 1325 706; baseline 0.001 -20"><span class='ocrx_word' id='word_1_9' title='bbox 196 643 305 688; x_wconf 86' lang='lat' dir='ltr'><strong>mense</strong></span> <span class='ocrx_word' id='word_1_10' title='bbox 342 644 430 688; x_wconf 83' lang='lat' dir='ltr'><strong>nova</strong></span> <span class='ocrx_word' id='word_1_11' title='bbox 463 624 622 688; x_wconf 80' lang='lat' dir='ltr'><strong>electione</strong></span> <span class='ocrx_word' id='word_1_12' title='bbox 660 630 808 688; x_wconf 85' lang='lat' dir='ltr'><strong>creatum</strong></span> <span class='ocrx_word' id='word_1_13' title='bbox 846 643 912 688; x_wconf 92' lang='lat' dir='ltr'><strong>non</strong></span> <span class='ocrx_word' id='word_1_14' title='bbox 949 642 1028 687; x_wconf 89' lang='lat' dir='ltr'><strong>esse.</strong></span> <span class='ocrx_word' id='word_1_15' title='bbox 1066 621 1201 706; x_wconf 91' lang='lat' dir='ltr'><strong>Optimo</strong></span> <span class='ocrx_word' id='word_1_16' title='bbox 1226 623 1325 688; x_wconf 89' lang='lat' dir='ltr'><strong>iurel</strong></span> 
     </span>
     <span class='ocr_line' id='line_1_4' title="bbox 197 735 1327 821; baseline 0.002 -23"><span class='ocrx_word' id='word_1_17' title='bbox 197 737 363 815; x_wconf 77' lang='lat' dir='ltr'><strong>Attamen,</strong></span> <span class='ocrx_word' id='word_1_18' title='bbox 389 739 445 815; x_wconf 90' lang='lat' dir='ltr'><strong>ait,</strong></span> <span class='ocrx_word' id='word_1_19' title='bbox 472 735 577 802; x_wconf 89' lang='lat' dir='ltr'><strong>multo</strong></span> <span class='ocrx_word' id='word_1_20' title='bbox 600 742 672 820; x_wconf 90' lang='lat' dir='ltr'><strong>post</strong></span> <span class='ocrx_word' id='word_1_21' title='bbox 694 738 840 821; x_wconf 91' lang='lat' dir='ltr'><strong>primum</strong></span> <span class='ocrx_word' id='word_1_22' title='bbox 863 738 934 801; x_wconf 91' lang='lat' dir='ltr'><strong>eius</strong></span> <span class='ocrx_word' id='word_1_23' title='bbox 959 737 1082 800; x_wconf 89' lang='lat' dir='ltr'><strong>mensis</strong></span> <span class='ocrx_word' id='word_1_24' title='bbox 1101 737 1189 800; x_wconf 91' lang='lat' dir='ltr'><strong>diem</strong></span> <span class='ocrx_word' id='word_1_25' title='bbox 1213 738 1327 801; x_wconf 91' lang='lat' dir='ltr'><strong>homi·</strong></span> 
     </span>
     <span class='ocr_line' id='line_1_5' title="bbox 194 847 1326 936; baseline 0 -22"><span class='ocrx_word' id='word_1_26' title='bbox 194 872 271 916; x_wconf 89' lang='lat' dir='ltr'><strong>nem</strong></span> <span class='ocrx_word' id='word_1_27' title='bbox 308 853 475 936; x_wconf 88' lang='lat' dir='ltr'><strong>privatum</strong></span> <span class='ocrx_word' id='word_1_28' title='bbox 512 871 588 916; x_wconf 90' lang='lat' dir='ltr'><strong>eum</strong></span> <span class='ocrx_word' id='word_1_29' title='bbox 626 851 910 935; x_wconf 82' lang='lat' dir='ltr'><strong>deprehendimus,</strong></span> <span class='ocrx_word' id='word_1_30' title='bbox 948 851 1073 934; x_wconf 90' lang='lat' dir='ltr'><strong>quippe</strong></span> <span class='ocrx_word' id='word_1_31' title='bbox 1104 851 1163 933; x_wconf 92' lang='lat' dir='ltr'><strong>qui</strong></span> <span class='ocrx_word' id='word_1_32' title='bbox 1193 847 1326 914; x_wconf 84' lang='lat' dir='ltr'><strong>Cleone</strong></span> 
     </span>
     <span class='ocr_line' id='line_1_6' title="bbox 193 963 1322 1050; baseline -0.002 -21"><span class='ocrx_word' id='word_1_33' title='bbox 193 972 330 1049; x_wconf 89' lang='lat' dir='ltr'><strong>rogante</strong></span> <span class='ocrx_word' id='word_1_34' title='bbox 353 971 515 1050; x_wconf 84' lang='lat' dir='ltr'><strong>strategus</strong></span> <span class='ocrx_word' id='word_1_35' title='bbox 539 967 823 1030; x_wconf 87' lang='lat' dir='ltr'><strong>extraordinarius</strong></span> <span class='ocrx_word' id='word_1_36' title='bbox 849 967 1043 1030; x_wconf 84' lang='lat' dir='ltr'><strong>nominatus</strong></span> <span class='ocrx_word' id='word_1_37' title='bbox 1063 966 1105 1028; x_wconf 92' lang='lat' dir='ltr'><strong>sit</strong></span> <span class='ocrx_word' id='word_1_38' title='bbox 1127 965 1241 1048; x_wconf 80' lang='lat' dir='ltr'><strong>(Thus.</strong></span> <span class='ocrx_word' id='word_1_39' title='bbox 1255 963 1322 1044; x_wconf 78' lang='lat' dir='ltr'><strong>lv,</strong></span> 
     </span>
     <span class='ocr_line' id='line_1_7' title="bbox 196 1077 1324 1165; baseline -0.001 -23"><span class='ocrx_word' id='word_1_40' title='bbox 196 1083 247 1158; x_wconf 90' lang='grc'><strong>29,</strong></span> <span class='ocrx_word' id='word_1_41' title='bbox 274 1081 323 1163; x_wconf 72' lang='grc'><strong>1),</strong></span> <span class='ocrx_word' id='word_1_42' title='bbox 347 1082 433 1165; x_wconf 88' lang='lat' dir='ltr'><strong>quod</strong></span> <span class='ocrx_word' id='word_1_43' title='bbox 458 1085 529 1163; x_wconf 87' lang='lat' dir='ltr'><strong>post</strong></span> <span class='ocrx_word' id='word_1_44' title='bbox 554 1082 676 1143; x_wconf 89' lang='lat' dir='ltr'><strong>mensis</strong></span> <span class='ocrx_word' id='word_1_45' title='bbox 701 1080 1005 1145; x_wconf 86' lang='lat' dir='ltr'><strong>Hecatombaeonis</strong></span> <span class='ocrx_word' id='word_1_46' title='bbox 1028 1080 1168 1142; x_wconf 89' lang='lat' dir='ltr'><strong>initium</strong></span> <span class='ocrx_word' id='word_1_47' title='bbox 1191 1077 1324 1142; x_wconf 84' lang='lat' dir='ltr'><strong>laetum</strong></span> 
     </span>
     <span class='ocr_line' id='line_1_8' title="bbox 195 1190 1323 1279; baseline -0.002 -21"><span class='ocrx_word' id='word_1_48' title='bbox 195 1215 263 1259; x_wconf 90' lang='lat' dir='ltr'><strong>esse</strong></span> <span class='ocrx_word' id='word_1_49' title='bbox 285 1197 391 1259; x_wconf 80' lang='lat' dir='ltr'><strong>effecit</strong></span> <span class='ocrx_word' id='word_1_50' title='bbox 414 1216 431 1259; x_wconf 93' lang='lat' dir='ltr'><strong>e</strong></span> <span class='ocrx_word' id='word_1_51' title='bbox 458 1196 574 1269; x_wconf 82' lang='lat' dir='ltr'><strong>verbis,</strong></span> <span class='ocrx_word' id='word_1_52' title='bbox 600 1215 685 1279; x_wconf 89' lang='lat' dir='ltr'><strong>quae</strong></span> <span class='ocrx_word' id='word_1_53' title='bbox 708 1195 866 1279; x_wconf 90' lang='lat' dir='ltr'><strong>leguntur</strong></span> <span class='ocrx_word' id='word_1_54' title='bbox 888 1194 947 1272; x_wconf 89' lang='lat' dir='ltr'><strong>IV,</strong></span> <span class='ocrx_word' id='word_1_55' title='bbox 970 1194 1022 1273; x_wconf 86' lang='grc'><strong>27,</strong></span> <span class='ocrx_word' id='word_1_56' title='bbox 1045 1195 1083 1256; x_wconf 91' lang='lat' dir='ltr'><strong>l:</strong></span> <span class='ocrx_word' id='word_1_57' title='bbox 1104 1190 1156 1257; x_wconf 76' lang='grc' dir='ltr'><strong><em>κιιὶ</em></strong></span> <span class='ocrx_word' id='word_1_58' title='bbox 1175 1191 1323 1267; x_wconf 75' lang='grc' dir='ltr'><em>ἐδέδισαν,</em></span> 
     </span>
    </p>
   </div>
   <div class='ocr_carea' id='block_1_3' title="bbox 154 1306 1412 4015">
    <p class='ocr_par' dir='ltr' id='par_1_3' title="bbox 154 1306 1117 1391">
     <span class='ocr_line' id='line_1_9' title="bbox 154 1306 1117 1391; baseline -0.001 -19"><span class='ocrx_word' id='word_1_59' title='bbox 154 1386 158 1391; x_wconf 9' lang='lat' dir='ltr'><strong>g</strong></span> <span class='ocrx_word' id='word_1_60' title='bbox 196 1306 239 1386; x_wconf 71' lang='grc' dir='ltr'><strong>μὴ</strong></span> <span class='ocrx_word' id='word_1_61' title='bbox 263 1311 347 1389; x_wconf 80' lang='grc' dir='ltr'><em>σφῶν</em></span> <span class='ocrx_word' id='word_1_62' title='bbox 370 1308 484 1388; x_wconf 80' lang='grc' dir='ltr'><strong><em>χειμὼν</em></strong></span> <span class='ocrx_word' id='word_1_63' title='bbox 507 1307 560 1381; x_wconf 65' lang='grc' dir='ltr'><strong>τὴν</strong></span> <span class='ocrx_word' id='word_1_64' title='bbox 583 1307 722 1390; x_wconf 54' lang='lat' dir='ltr'><strong>&amp;attauhu</strong></span> <span class='ocrx_word' id='word_1_65' title='bbox 746 1306 893 1384; x_wconf 72' lang='grc' dir='ltr'><strong><em>ἐπιλάβοι.</em></strong></span> <span class='ocrx_word' id='word_1_66' title='bbox 1114 1374 1117 1381; x_wconf 73' lang='grc'>,</span> 
     </span>
    </p>

    <p class='ocr_par' dir='ltr' id='par_1_4' title="bbox 194 1419 1412 3672">
     <span class='ocr_line' id='line_1_10' title="bbox 240 1419 1412 1508; baseline -0.002 -22"><span class='ocrx_word' id='word_1_67' title='bbox 240 1423 285 1486; x_wconf 87' lang='lat' dir='ltr'><strong>At</strong></span> <span class='ocrx_word' id='word_1_68' title='bbox 320 1430 520 1506; x_wconf 88' lang='lat' dir='ltr'><strong>reputemus,</strong></span> <span class='ocrx_word' id='word_1_69' title='bbox 553 1444 638 1508; x_wconf 90' lang='lat' dir='ltr'><strong>quae</strong></span> <span class='ocrx_word' id='word_1_70' title='bbox 669 1426 713 1488; x_wconf 90' lang='lat' dir='ltr'><strong>sit</strong></span> <span class='ocrx_word' id='word_1_71' title='bbox 737 1429 923 1507; x_wconf 90' lang='lat' dir='ltr'><strong>temporum</strong></span> <span class='ocrx_word' id='word_1_72' title='bbox 949 1424 1045 1487; x_wconf 88' lang='lat' dir='ltr'><strong>ratio.</strong></span> <span class='ocrx_word' id='word_1_73' title='bbox 1071 1419 1142 1503; x_wconf 80' lang='grc' dir='ltr'><strong>Πρὶν</strong></span> <span class='ocrx_word' id='word_1_74' title='bbox 1165 1421 1214 1485; x_wconf 80' lang='grc' dir='ltr'><strong>τὸν</strong></span> <span class='ocrx_word' id='word_1_75' title='bbox 1237 1426 1325 1485; x_wconf 79' lang='grc' dir='ltr'><em>σῖτον</em></span> <span class='ocrx_word' id='word_1_76' title='bbox 1407 1420 1412 1428; x_wconf 84' lang='grc'><strong>’</strong></span> 
     </span>
     <span class='ocr_line' id='line_1_11' title="bbox 194 1531 1324 1620; baseline -0.001 -21"><span class='ocrx_word' id='word_1_77' title='bbox 194 1536 224 1599; x_wconf 84' lang='grc' dir='ltr'><strong>ἐι</strong></span> <span class='ocrx_word' id='word_1_78' title='bbox 250 1536 335 1617; x_wconf 65' lang='grc' dir='ltr'><strong>ἀκμῇ</strong></span> <span class='ocrx_word' id='word_1_79' title='bbox 359 1531 429 1601; x_wconf 83' lang='grc' dir='ltr'><strong><em>εἷιιιι</em></strong></span> <span class='ocrx_word' id='word_1_80' title='bbox 453 1537 522 1620; x_wconf 87' lang='lat' dir='ltr'><strong>(lV,</strong></span> <span class='ocrx_word' id='word_1_81' title='bbox 548 1541 577 1618; x_wconf 89' lang='grc'><strong>2,</strong></span> <span class='ocrx_word' id='word_1_82' title='bbox 604 1539 632 1617; x_wconf 90' lang='lat' dir='ltr'><strong>l,</strong></span> <span class='ocrx_word' id='word_1_83' title='bbox 657 1539 696 1603; x_wconf 87' lang='lat' dir='ltr'><strong>of.</strong></span> <span class='ocrx_word' id='word_1_84' title='bbox 722 1539 751 1613; x_wconf 86' lang='grc'><strong>6,</strong></span> <span class='ocrx_word' id='word_1_85' title='bbox 781 1537 824 1620; x_wconf 89' lang='lat' dir='ltr'><strong>l),</strong></span> <span class='ocrx_word' id='word_1_86' title='bbox 849 1538 913 1601; x_wconf 79' lang='lat' dir='ltr'><strong>ie.</strong></span> <span class='ocrx_word' id='word_1_87' title='bbox 937 1538 1026 1602; x_wconf 86' lang='lat' dir='ltr'><strong>eirca</strong></span> <span class='ocrx_word' id='word_1_88' title='bbox 1049 1537 1171 1601; x_wconf 88' lang='lat' dir='ltr'><strong>mensis</strong></span> <span class='ocrx_word' id='word_1_89' title='bbox 1195 1535 1324 1618; x_wconf 78' lang='lat' dir='ltr'><strong>Aprilis</strong></span> 
     </span>
     <span class='ocr_line' id='line_1_12' title="bbox 195 1650 1323 1733; baseline 0 -19"><span class='ocrx_word' id='word_1_90' title='bbox 195 1652 307 1730; x_wconf 89' lang='lat' dir='ltr'><strong>finem,</strong></span> <span class='ocrx_word' id='word_1_91' title='bbox 342 1652 679 1717; x_wconf 81' lang='lat' dir='ltr'><strong>Lacedaemoniorum</strong></span> <span class='ocrx_word' id='word_1_92' title='bbox 713 1653 843 1716; x_wconf 89' lang='lat' dir='ltr'><strong>invasio</strong></span> <span class='ocrx_word' id='word_1_93' title='bbox 876 1652 962 1714; x_wconf 83' lang='lat' dir='ltr'><strong>facta</strong></span> <span class='ocrx_word' id='word_1_94' title='bbox 986 1654 1044 1729; x_wconf 91' lang='lat' dir='ltr'><strong>est,</strong></span> <span class='ocrx_word' id='word_1_95' title='bbox 1068 1651 1128 1733; x_wconf 89' lang='lat' dir='ltr'><strong>qui</strong></span> <span class='ocrx_word' id='word_1_96' title='bbox 1154 1650 1193 1711; x_wconf 83' lang='lat'><strong>15</strong></span> <span class='ocrx_word' id='word_1_97' title='bbox 1220 1650 1323 1714; x_wconf 88' lang='lat' dir='ltr'><strong>modo</strong></span> 
     </span>
     <span class='ocr_line' id='line_1_13' title="bbox 195 1765 1324 1846; baseline -0.002 -18"><span class='ocrx_word' id='word_1_98' title='bbox 195 1766 264 1830; x_wconf 91' lang='lat' dir='ltr'><strong>dies</strong></span> <span class='ocrx_word' id='word_1_99' title='bbox 296 1767 330 1828; x_wconf 92' lang='lat' dir='ltr'><strong>in</strong></span> <span class='ocrx_word' id='word_1_100' title='bbox 363 1767 473 1831; x_wconf 82' lang='lat' dir='ltr'><strong>Attica</strong></span> <span class='ocrx_word' id='word_1_101' title='bbox 499 1771 694 1831; x_wconf 87' lang='lat' dir='ltr'><strong>manserunt</strong></span> <span class='ocrx_word' id='word_1_102' title='bbox 718 1786 794 1830; x_wconf 89' lang='lat' dir='ltr'><strong>eum</strong></span> <span class='ocrx_word' id='word_1_103' title='bbox 820 1767 903 1829; x_wconf 92' lang='lat' dir='ltr'><strong>alias</strong></span> <span class='ocrx_word' id='word_1_104' title='bbox 927 1767 970 1830; x_wconf 91' lang='lat' dir='ltr'><strong>oh</strong></span> <span class='ocrx_word' id='word_1_105' title='bbox 994 1784 1108 1828; x_wconf 81' lang='lat' dir='ltr'><strong>causas</strong></span> <span class='ocrx_word' id='word_1_106' title='bbox 1134 1768 1205 1827; x_wconf 89' lang='lat' dir='ltr'><strong>tum</strong></span> <span class='ocrx_word' id='word_1_107' title='bbox 1231 1765 1324 1846; x_wconf 89' lang='lat' dir='ltr'><strong>quod</strong></span> 
     </span>
     <span class='ocr_line' id='line_1_14' title="bbox 196 1877 1324 1962; baseline -0.002 -21"><span class='ocrx_word' id='word_1_108' title='bbox 196 1879 317 1960; x_wconf 87' lang='lat' dir='ltr'><strong>Pylum</strong></span> <span class='ocrx_word' id='word_1_109' title='bbox 339 1883 559 1962; x_wconf 78' lang='lat' dir='ltr'><strong>occupaverat</strong></span> <span class='ocrx_word' id='word_1_110' title='bbox 581 1879 825 1944; x_wconf 89' lang='lat' dir='ltr'><strong>Demosthenes.</strong></span> <span class='ocrx_word' id='word_1_111' title='bbox 846 1879 1024 1961; x_wconf 86' lang='lat' dir='ltr'><strong>Postquam</strong></span> <span class='ocrx_word' id='word_1_112' title='bbox 1047 1882 1160 1941; x_wconf 89' lang='lat' dir='ltr'><strong>autem</strong></span> <span class='ocrx_word' id='word_1_113' title='bbox 1181 1877 1324 1940; x_wconf 91' lang='lat' dir='ltr'><strong>domum</strong></span> 
     </span>
     <span class='ocr_line' id='line_1_15' title="bbox 195 1988 1325 2076; baseline -0.002 -21"><span class='ocrx_word' id='word_1_114' title='bbox 195 1997 404 2056; x_wconf 88' lang='lat' dir='ltr'><strong>reverterunt</strong></span> <span class='ocrx_word' id='word_1_115' title='bbox 433 1993 597 2076; x_wconf 87' lang='lat' dir='ltr'><strong>Spartani,</strong></span> <span class='ocrx_word' id='word_1_116' title='bbox 622 1994 733 2056; x_wconf 90' lang='lat' dir='ltr'><strong>statim</strong></span> <span class='ocrx_word' id='word_1_117' title='bbox 758 1993 881 2075; x_wconf 84' lang='lat' dir='ltr'><strong>Pylum</strong></span> <span class='ocrx_word' id='word_1_118' title='bbox 906 1992 1053 2075; x_wconf 83' lang='lat' dir='ltr'><strong>profecti,</strong></span> <span class='ocrx_word' id='word_1_119' title='bbox 1081 2009 1138 2074; x_wconf 87' lang='lat' dir='ltr'><strong>per</strong></span> <span class='ocrx_word' id='word_1_120' title='bbox 1163 1994 1227 2053; x_wconf 89' lang='lat' dir='ltr'><strong>tres</strong></span> <span class='ocrx_word' id='word_1_121' title='bbox 1251 1988 1325 2053; x_wconf 90' lang='lat' dir='ltr'><strong>dies</strong></span> 
     </span>
     <span class='ocr_line' id='line_1_16' title="bbox 196 2105 1323 2190; baseline 0 -22"><span class='ocrx_word' id='word_1_122' title='bbox 196 2107 362 2170; x_wconf 87' lang='lat' dir='ltr'><strong>ineassum</strong></span> <span class='ocrx_word' id='word_1_123' title='bbox 396 2112 671 2190; x_wconf 87' lang='lat' dir='ltr'><strong>oppugnaverunt</strong></span> <span class='ocrx_word' id='word_1_124' title='bbox 705 2107 959 2171; x_wconf 86' lang='lat' dir='ltr'><strong>Atheniensium</strong></span> <span class='ocrx_word' id='word_1_125' title='bbox 994 2105 1177 2183; x_wconf 82' lang='lat' dir='ltr'><strong>castellum,</strong></span> <span class='ocrx_word' id='word_1_126' title='bbox 1200 2108 1323 2186; x_wconf 88' lang='lat' dir='ltr'><strong>quarto</strong></span> 
     </span>
     <span class='ocr_line' id='line_1_17' title="bbox 196 2218 1321 2304; baseline -0.002 -21"><span class='ocrx_word' id='word_1_127' title='bbox 196 2219 246 2284; x_wconf 89' lang='lat' dir='ltr'><strong>die</strong></span> <span class='ocrx_word' id='word_1_128' title='bbox 269 2223 385 2284; x_wconf 93' lang='lat' dir='ltr'><strong>horum</strong></span> <span class='ocrx_word' id='word_1_129' title='bbox 410 2221 511 2285; x_wconf 84' lang='lat' dir='ltr'><strong>elassa</strong></span> <span class='ocrx_word' id='word_1_130' title='bbox 530 2221 713 2284; x_wconf 81' lang='lat' dir='ltr'><strong>vincuntur</strong></span> <span class='ocrx_word' id='word_1_131' title='bbox 732 2218 799 2303; x_wconf 84' lang='lat' dir='ltr'><strong>(IV,</strong></span> <span class='ocrx_word' id='word_1_132' title='bbox 816 2222 969 2304; x_wconf 81' lang='grc'><strong>12-14).</strong></span> <span class='ocrx_word' id='word_1_133' title='bbox 981 2221 1057 2285; x_wconf 90' lang='lat' dir='ltr'><strong>Post</strong></span> <span class='ocrx_word' id='word_1_134' title='bbox 1071 2221 1155 2283; x_wconf 87' lang='lat' dir='ltr'><strong>hane</strong></span> <span class='ocrx_word' id='word_1_135' title='bbox 1168 2237 1321 2301; x_wconf 88' lang='lat' dir='ltr'><strong>pugnam</strong></span> 
     </span>
     <span class='ocr_line' id='line_1_18' title="bbox 196 2332 1347 2417; baseline 0 -21"><span class='ocrx_word' id='word_1_136' title='bbox 196 2333 349 2397; x_wconf 89' lang='lat' dir='ltr'><strong>navalem</strong></span> <span class='ocrx_word' id='word_1_137' title='bbox 373 2353 431 2417; x_wconf 87' lang='lat' dir='ltr'><strong>per</strong></span> <span class='ocrx_word' id='word_1_138' title='bbox 455 2333 524 2397; x_wconf 90' lang='lat' dir='ltr'><strong>dies</strong></span> <span class='ocrx_word' id='word_1_139' title='bbox 544 2334 626 2397; x_wconf 89' lang='lat' dir='ltr'><strong>duas</strong></span> <span class='ocrx_word' id='word_1_140' title='bbox 649 2338 682 2397; x_wconf 88' lang='lat' dir='ltr'><strong>et</strong></span> <span class='ocrx_word' id='word_1_141' title='bbox 705 2335 914 2417; x_wconf 88' lang='lat' dir='ltr'><strong>septuaginta</strong></span> <span class='ocrx_word' id='word_1_142' title='bbox 937 2334 1165 2416; x_wconf 87' lang='lat' dir='ltr'><strong>Sphaoteriam</strong></span> <span class='ocrx_word' id='word_1_143' title='bbox 1186 2332 1322 2396; x_wconf 87' lang='lat' dir='ltr'><strong>obsede-</strong></span> <span class='ocrx_word' id='word_1_144' title='bbox 1345 2396 1347 2402; x_wconf 80' lang='grc'>,</span> 
     </span>
     <span class='ocr_line' id='line_1_19' title="bbox 196 2445 1322 2532; baseline -0.003 -21"><span class='ocrx_word' id='word_1_145' title='bbox 196 2453 275 2511; x_wconf 90' lang='lat' dir='ltr'><strong>runt</strong></span> <span class='ocrx_word' id='word_1_146' title='bbox 299 2447 516 2513; x_wconf 88' lang='lat' dir='ltr'><strong>Athenienses</strong></span> <span class='ocrx_word' id='word_1_147' title='bbox 541 2445 608 2530; x_wconf 84' lang='lat' dir='ltr'>(IV,</span> <span class='ocrx_word' id='word_1_148' title='bbox 635 2448 697 2530; x_wconf 87' lang='grc'>39).</span> <span class='ocrx_word' id='word_1_149' title='bbox 723 2449 757 2511; x_wconf 84' lang='lat' dir='ltr'><strong>si</strong></span> <span class='ocrx_word' id='word_1_150' title='bbox 780 2447 880 2532; x_wconf 86' lang='lat' dir='ltr'><strong>igitur</strong></span> <span class='ocrx_word' id='word_1_151' title='bbox 904 2448 959 2511; x_wconf 86' lang='grc'><strong>250</strong></span> <span class='ocrx_word' id='word_1_152' title='bbox 982 2447 1034 2512; x_wconf 84' lang='lat' dir='ltr'><strong>die</strong></span> <span class='ocrx_word' id='word_1_153' title='bbox 1057 2448 1180 2511; x_wconf 92' lang='lat' dir='ltr'><strong>mensis</strong></span> <span class='ocrx_word' id='word_1_154' title='bbox 1193 2445 1322 2529; x_wconf 88' lang='lat' dir='ltr'><strong>Aprilis</strong></span> 
     </span>
     <span class='ocr_line' id='line_1_20' title="bbox 198 2560 1321 2644; baseline -0.004 -19"><span class='ocrx_word' id='word_1_155' title='bbox 198 2562 352 2644; x_wconf 89' lang='lat' dir='ltr'><strong>Spartani</strong></span> <span class='ocrx_word' id='word_1_156' title='bbox 378 2561 524 2627; x_wconf 83' lang='lat' dir='ltr'><strong>Atticam</strong></span> <span class='ocrx_word' id='word_1_157' title='bbox 550 2564 748 2627; x_wconf 89' lang='lat' dir='ltr'><strong>invaserunt</strong></span> <span class='ocrx_word' id='word_1_158' title='bbox 772 2569 805 2628; x_wconf 88' lang='lat' dir='ltr'><strong>et</strong></span> <span class='ocrx_word' id='word_1_159' title='bbox 830 2563 886 2624; x_wconf 85' lang='lat'><strong>10⁰</strong></span> <span class='ocrx_word' id='word_1_160' title='bbox 910 2564 962 2627; x_wconf 91' lang='lat' dir='ltr'><strong>die</strong></span> <span class='ocrx_word' id='word_1_161' title='bbox 985 2563 1067 2626; x_wconf 91' lang='lat' dir='ltr'><strong>Maii</strong></span> <span class='ocrx_word' id='word_1_162' title='bbox 1089 2561 1210 2626; x_wconf 88' lang='lat' dir='ltr'><strong>mensis</strong></span> <span class='ocrx_word' id='word_1_163' title='bbox 1221 2560 1321 2622; x_wconf 91' lang='lat' dir='ltr'><strong>illam</strong></span> 
     </span>
     <span class='ocr_line' id='line_1_21' title="bbox 197 2673 1322 2760; baseline -0.001 -24"><span class='ocrx_word' id='word_1_164' title='bbox 197 2677 364 2758; x_wconf 89' lang='lat' dir='ltr'><strong>regionem</strong></span> <span class='ocrx_word' id='word_1_165' title='bbox 402 2677 620 2759; x_wconf 88' lang='lat' dir='ltr'><strong>reliquerunt,</strong></span> <span class='ocrx_word' id='word_1_166' title='bbox 654 2678 721 2742; x_wconf 86' lang='lat' dir='ltr'><strong>lere</strong></span> <span class='ocrx_word' id='word_1_167' title='bbox 745 2678 854 2741; x_wconf 79' lang='lat' dir='ltr'><strong>decem</strong></span> <span class='ocrx_word' id='word_1_168' title='bbox 881 2678 997 2741; x_wconf 90' lang='lat' dir='ltr'><strong>diebus</strong></span> <span class='ocrx_word' id='word_1_169' title='bbox 1021 2684 1093 2760; x_wconf 90' lang='lat' dir='ltr'><strong>post</strong></span> <span class='ocrx_word' id='word_1_170' title='bbox 1116 2674 1237 2757; x_wconf 84' lang='lat' dir='ltr'><strong>Pylum</strong></span> <span class='ocrx_word' id='word_1_171' title='bbox 1263 2673 1322 2735; x_wconf 92' lang='lat' dir='ltr'><strong>ad-</strong></span> 
     </span>
     <span class='ocr_line' id='line_1_22' title="bbox 198 2787 1322 2873; baseline 0.003 -25"><span class='ocrx_word' id='word_1_172' title='bbox 198 2790 312 2854; x_wconf 88' lang='lat' dir='ltr'><strong>venire</strong></span> <span class='ocrx_word' id='word_1_173' title='bbox 333 2794 520 2873; x_wconf 90' lang='lat' dir='ltr'><strong>potuerunt,</strong></span> <span class='ocrx_word' id='word_1_174' title='bbox 541 2792 562 2851; x_wconf 92' lang='lat' dir='ltr'><strong>i.</strong></span> <span class='ocrx_word' id='word_1_175' title='bbox 577 2810 604 2854; x_wconf 90' lang='lat' dir='ltr'><strong>e.</strong></span> <span class='ocrx_word' id='word_1_176' title='bbox 628 2791 684 2852; x_wconf 89' lang='grc'><strong>200</strong></span> <span class='ocrx_word' id='word_1_177' title='bbox 704 2789 754 2856; x_wconf 88' lang='lat' dir='ltr'><strong>die</strong></span> <span class='ocrx_word' id='word_1_178' title='bbox 775 2788 876 2868; x_wconf 88' lang='lat' dir='ltr'><strong>Maii;</strong></span> <span class='ocrx_word' id='word_1_179' title='bbox 896 2791 1045 2873; x_wconf 85' lang='lat' dir='ltr'><strong>sequitur</strong></span> <span class='ocrx_word' id='word_1_180' title='bbox 1063 2808 1176 2873; x_wconf 89' lang='lat' dir='ltr'><strong>pugna</strong></span> <span class='ocrx_word' id='word_1_181' title='bbox 1188 2787 1322 2851; x_wconf 85' lang='lat' dir='ltr'><strong>navalis</strong></span> 
     </span>
     <span class='ocr_line' id='line_1_23' title="bbox 198 2899 1321 2988; baseline 0 -26"><span class='ocrx_word' id='word_1_182' title='bbox 198 2902 255 2963; x_wconf 81' lang='lat'><strong>24⁰</strong></span> <span class='ocrx_word' id='word_1_183' title='bbox 289 2902 351 2980; x_wconf 89' lang='lat' dir='ltr'><strong>die,</strong></span> <span class='ocrx_word' id='word_1_184' title='bbox 382 2907 455 2986; x_wconf 90' lang='lat' dir='ltr'><strong>post</strong></span> <span class='ocrx_word' id='word_1_185' title='bbox 485 2924 585 2986; x_wconf 89' lang='lat' dir='ltr'><strong>quam</strong></span> <span class='ocrx_word' id='word_1_186' title='bbox 621 2924 679 2988; x_wconf 90' lang='lat' dir='ltr'><strong>per</strong></span> <span class='ocrx_word' id='word_1_187' title='bbox 705 2905 744 2967; x_wconf 90' lang='grc'><strong>72</strong></span> <span class='ocrx_word' id='word_1_188' title='bbox 770 2904 838 2966; x_wconf 88' lang='lat' dir='ltr'><strong>dies</strong></span> <span class='ocrx_word' id='word_1_189' title='bbox 861 2904 972 2967; x_wconf 89' lang='lat' dir='ltr'><strong>insula</strong></span> <span class='ocrx_word' id='word_1_190' title='bbox 995 2904 1125 2967; x_wconf 88' lang='lat' dir='ltr'><strong>obsessa</strong></span> <span class='ocrx_word' id='word_1_191' title='bbox 1148 2906 1207 2966; x_wconf 88' lang='lat' dir='ltr'><strong>est.</strong></span> <span class='ocrx_word' id='word_1_192' title='bbox 1231 2899 1321 2965; x_wconf 78' lang='lat' dir='ltr'><strong>Cum</strong></span> 
     </span>
     <span class='ocr_line' id='line_1_24' title="bbox 197 3017 1322 3100; baseline -0.001 -21"><span class='ocrx_word' id='word_1_193' title='bbox 197 3021 309 3080; x_wconf 89' lang='lat' dir='ltr'><strong>autem</strong></span> <span class='ocrx_word' id='word_1_194' title='bbox 333 3036 391 3100; x_wconf 87' lang='lat' dir='ltr'><strong>per</strong></span> <span class='ocrx_word' id='word_1_195' title='bbox 415 3019 455 3080; x_wconf 86' lang='grc'><strong>20</strong></span> <span class='ocrx_word' id='word_1_196' title='bbox 481 3018 546 3082; x_wconf 85' lang='lat' dir='ltr'><strong>fere</strong></span> <span class='ocrx_word' id='word_1_197' title='bbox 571 3019 708 3081; x_wconf 90' lang='lat' dir='ltr'><strong>ultimas</strong></span> <span class='ocrx_word' id='word_1_198' title='bbox 728 3019 796 3083; x_wconf 88' lang='lat' dir='ltr'><strong>dies</strong></span> <span class='ocrx_word' id='word_1_199' title='bbox 816 3017 918 3084; x_wconf 79' lang='lat' dir='ltr'><strong>Cleon</strong></span> <span class='ocrx_word' id='word_1_200' title='bbox 940 3019 1008 3081; x_wconf 86' lang='lat' dir='ltr'><strong>dux</strong></span> <span class='ocrx_word' id='word_1_201' title='bbox 1027 3017 1127 3080; x_wconf 85' lang='lat' dir='ltr'><strong>fuerit</strong></span> <span class='ocrx_word' id='word_1_202' title='bbox 1140 3017 1175 3100; x_wconf 78' lang='grc'><strong>0),</strong></span> <span class='ocrx_word' id='word_1_203' title='bbox 1189 3033 1322 3079; x_wconf 89' lang='lat' dir='ltr'><strong>sumere</strong></span> 
     </span>
     <span class='ocr_line' id='line_1_25' title="bbox 197 3132 1321 3217; baseline 0.001 -25"><span class='ocrx_word' id='word_1_204' title='bbox 197 3149 378 3213; x_wconf 91' lang='lat' dir='ltr'><strong>possumus,</strong></span> <span class='ocrx_word' id='word_1_205' title='bbox 415 3132 466 3196; x_wconf 89' lang='lat' dir='ltr'><strong>die</strong></span> <span class='ocrx_word' id='word_1_206' title='bbox 497 3133 562 3196; x_wconf 87' lang='lat' dir='ltr'><strong>fere</strong></span> <span class='ocrx_word' id='word_1_207' title='bbox 596 3134 653 3196; x_wconf 78' lang='lat'><strong>54⁰</strong></span> <span class='ocrx_word' id='word_1_208' title='bbox 684 3138 755 3217; x_wconf 89' lang='lat' dir='ltr'><strong>post</strong></span> <span class='ocrx_word' id='word_1_209' title='bbox 779 3152 921 3217; x_wconf 89' lang='lat' dir='ltr'><strong>pugnam</strong></span> <span class='ocrx_word' id='word_1_210' title='bbox 949 3132 1089 3197; x_wconf 87' lang='lat' dir='ltr'><strong>Athenis</strong></span> <span class='ocrx_word' id='word_1_211' title='bbox 1113 3132 1227 3195; x_wconf 89' lang='lat' dir='ltr'><strong>habita</strong></span> <span class='ocrx_word' id='word_1_212' title='bbox 1252 3149 1321 3193; x_wconf 88' lang='lat' dir='ltr'><strong>esse</strong></span> 
     </span>
     <span class='ocr_line' id='line_1_26' title="bbox 198 3242 1320 3331; baseline -0.002 -25"><span class='ocrx_word' id='word_1_213' title='bbox 198 3246 343 3323; x_wconf 77' lang='lat' dir='ltr'><strong>comitia,</strong></span> <span class='ocrx_word' id='word_1_214' title='bbox 376 3247 499 3329; x_wconf 89' lang='lat' dir='ltr'><strong>quibus</strong></span> <span class='ocrx_word' id='word_1_215' title='bbox 528 3254 661 3331; x_wconf 89' lang='lat' dir='ltr'><strong>praetor</strong></span> <span class='ocrx_word' id='word_1_216' title='bbox 685 3248 965 3312; x_wconf 86' lang='lat' dir='ltr'><strong>extraordinarius</strong></span> <span class='ocrx_word' id='word_1_217' title='bbox 988 3250 1118 3311; x_wconf 87' lang='lat' dir='ltr'><strong>oreatus</strong></span> <span class='ocrx_word' id='word_1_218' title='bbox 1142 3249 1191 3309; x_wconf 85' lang='lat' dir='ltr'><strong>est</strong></span> <span class='ocrx_word' id='word_1_219' title='bbox 1214 3242 1320 3309; x_wconf 79' lang='lat' dir='ltr'><strong>Cleon</strong></span> 
     </span>
     <span class='ocr_line' id='line_1_27' title="bbox 198 3355 1320 3445; baseline -0.003 -25"><span class='ocrx_word' id='word_1_220' title='bbox 198 3357 312 3440; x_wconf 79' lang='lat' dir='ltr'><strong>(Thoe.</strong></span> <span class='ocrx_word' id='word_1_221' title='bbox 336 3356 392 3444; x_wconf 79' lang='lat' dir='ltr'><strong>IV,</strong></span> <span class='ocrx_word' id='word_1_222' title='bbox 417 3361 481 3445; x_wconf 83' lang='grc'><strong>29),</strong></span> <span class='ocrx_word' id='word_1_223' title='bbox 506 3362 539 3424; x_wconf 91' lang='lat' dir='ltr'><strong>id</strong></span> <span class='ocrx_word' id='word_1_224' title='bbox 563 3367 611 3426; x_wconf 91' lang='lat' dir='ltr'><strong>est</strong></span> <span class='ocrx_word' id='word_1_225' title='bbox 636 3363 690 3426; x_wconf 83' lang='lat'><strong>17⁰</strong></span> <span class='ocrx_word' id='word_1_226' title='bbox 714 3362 766 3426; x_wconf 90' lang='lat' dir='ltr'><strong>die</strong></span> <span class='ocrx_word' id='word_1_227' title='bbox 789 3361 880 3426; x_wconf 92' lang='lat' dir='ltr'><strong>Iulii.</strong></span> <span class='ocrx_word' id='word_1_228' title='bbox 902 3359 1017 3423; x_wconf 86' lang='lat' dir='ltr'><strong>Annus</strong></span> <span class='ocrx_word' id='word_1_229' title='bbox 1038 3364 1149 3423; x_wconf 88' lang='lat' dir='ltr'><strong>autem</strong></span> <span class='ocrx_word' id='word_1_230' title='bbox 1164 3355 1216 3422; x_wconf 91' lang='lat' dir='ltr'><strong>Ol.</strong></span> <span class='ocrx_word' id='word_1_231' title='bbox 1232 3357 1320 3435; x_wconf 75' lang='lat'><em>88,4</em></span> 
     </span>
     <span class='ocr_line' id='line_1_28' title="bbox 200 3471 1321 3558; baseline 0 -26"><span class='ocrx_word' id='word_1_232' title='bbox 200 3472 256 3534; x_wconf 89' lang='grc'><strong>250</strong></span> <span class='ocrx_word' id='word_1_233' title='bbox 279 3473 413 3536; x_wconf 90' lang='lat' dir='ltr'><strong>demum</strong></span> <span class='ocrx_word' id='word_1_234' title='bbox 439 3473 521 3538; x_wconf 87' lang='lat' dir='ltr'><strong>Julii</strong></span> <span class='ocrx_word' id='word_1_235' title='bbox 546 3477 668 3540; x_wconf 88' lang='lat' dir='ltr'><strong>mensis</strong></span> <span class='ocrx_word' id='word_1_236' title='bbox 692 3475 744 3539; x_wconf 91' lang='lat' dir='ltr'><strong>die</strong></span> <span class='ocrx_word' id='word_1_237' title='bbox 763 3476 898 3539; x_wconf 91' lang='lat' dir='ltr'><strong>initium</strong></span> <span class='ocrx_word' id='word_1_238' title='bbox 921 3475 1016 3558; x_wconf 88' lang='lat' dir='ltr'><strong>oepit.</strong></span> <span class='ocrx_word' id='word_1_239' title='bbox 1037 3471 1192 3537; x_wconf 85' lang='lat' dir='ltr'><strong>Nondum</strong></span> <span class='ocrx_word' id='word_1_240' title='bbox 1214 3471 1321 3553; x_wconf 88' lang='lat' dir='ltr'><strong>igitur</strong></span> 
     </span>
     <span class='ocr_line' id='line_1_29' title="bbox 198 3587 871 3672; baseline 0.006 -25"><span class='ocrx_word' id='word_1_241' title='bbox 198 3587 428 3669; x_wconf 86' lang='lat' dir='ltr'><strong>magistratum</strong></span> <span class='ocrx_word' id='word_1_242' title='bbox 453 3589 599 3653; x_wconf 88' lang='lat' dir='ltr'><strong>inierant</strong></span> <span class='ocrx_word' id='word_1_243' title='bbox 622 3590 703 3654; x_wconf 85' lang='lat' dir='ltr'><strong>novi</strong></span> <span class='ocrx_word' id='word_1_244' title='bbox 726 3590 871 3672; x_wconf 83' lang='lat' dir='ltr'><strong>strategi.</strong></span> 
     </span>
    </p>

    <p class='ocr_par' dir='ltr' id='par_1_5' title="bbox 198 3696 1318 3900">
     <span class='ocr_line' id='line_1_30' title="bbox 244 3696 1318 3786; baseline -0.002 -26"><span class='ocrx_word' id='word_1_245' title='bbox 244 3696 313 3763; x_wconf 85' lang='lat' dir='ltr'><strong>Hae</strong></span> <span class='ocrx_word' id='word_1_246' title='bbox 326 3721 401 3764; x_wconf 88' lang='lat' dir='ltr'><strong>oum</strong></span> <span class='ocrx_word' id='word_1_247' title='bbox 415 3703 661 3785; x_wconf 79' lang='lat' dir='ltr'><strong>computatione</strong></span> <span class='ocrx_word' id='word_1_248' title='bbox 673 3706 862 3786; x_wconf 81' lang='lat' dir='ltr'><strong>congruunt</strong></span> <span class='ocrx_word' id='word_1_249' title='bbox 875 3701 989 3765; x_wconf 87' lang='lat' dir='ltr'><strong>Grotei</strong></span> <span class='ocrx_word' id='word_1_250' title='bbox 1003 3700 1104 3763; x_wconf 87' lang='lat' dir='ltr'><strong>verba</strong></span> <span class='ocrx_word' id='word_1_251' title='bbox 1114 3698 1173 3780; x_wconf 92' lang='lat' dir='ltr'><strong>(VI</strong></span> <span class='ocrx_word' id='word_1_252' title='bbox 1182 3718 1213 3781; x_wconf 91' lang='lat' dir='ltr'><strong>p.</strong></span> <span class='ocrx_word' id='word_1_253' title='bbox 1223 3698 1318 3779; x_wconf 69' lang='lat' dir='ltr'><strong>lem:</strong></span> 
     </span>
     <span class='ocr_line' id='line_1_31' title="bbox 198 3796 1273 3900; baseline -0.001 -23"><span class='ocrx_word' id='word_1_254' title='bbox 198 3814 290 3892; x_wconf 85' lang='lat' dir='ltr'><strong>„The</strong></span> <span class='ocrx_word' id='word_1_255' title='bbox 313 3796 448 3898; x_wconf 73' lang='lat' dir='ltr'><strong>capture</strong></span> <span class='ocrx_word' id='word_1_256' title='bbox 473 3817 507 3880; x_wconf 88' lang='lat' dir='ltr'><strong>ol</strong></span> <span class='ocrx_word' id='word_1_257' title='bbox 528 3816 724 3900; x_wconf 86' lang='lat' dir='ltr'><strong>Sphakteria</strong></span> <span class='ocrx_word' id='word_1_258' title='bbox 750 3817 825 3881; x_wconf 87' lang='lat' dir='ltr'><strong>took</strong></span> <span class='ocrx_word' id='word_1_259' title='bbox 847 3817 939 3899; x_wconf 87' lang='lat' dir='ltr'><strong>plaoe</strong></span> <span class='ocrx_word' id='word_1_260' title='bbox 963 3816 1067 3880; x_wconf 89' lang='lat' dir='ltr'><strong>about</strong></span> <span class='ocrx_word' id='word_1_261' title='bbox 1090 3813 1160 3876; x_wconf 88' lang='lat' dir='ltr'><strong>Juli</strong></span> <span class='ocrx_word' id='word_1_262' title='bbox 1180 3808 1273 3876; x_wconf 78' lang='grc'>425”.</span> 
     </span>
    </p>

    <p class='ocr_par' dir='ltr' id='par_1_6' title="bbox 242 3927 1320 4015">
     <span class='ocr_line' id='line_1_32' title="bbox 242 3927 1320 4015; baseline -0.001 -24"><span class='ocrx_word' id='word_1_263' title='bbox 242 3927 310 3993; x_wconf 88' lang='lat' dir='ltr'><strong>Neo</strong></span> <span class='ocrx_word' id='word_1_264' title='bbox 347 3949 424 3995; x_wconf 86' lang='lat' dir='ltr'><strong>vero</strong></span> <span class='ocrx_word' id='word_1_265' title='bbox 455 3928 514 4009; x_wconf 90' lang='lat' dir='ltr'><strong>IV,</strong></span> <span class='ocrx_word' id='word_1_266' title='bbox 547 3932 598 4010; x_wconf 88' lang='grc'><strong>27,</strong></span> <span class='ocrx_word' id='word_1_267' title='bbox 633 3933 649 3994; x_wconf 92' lang='lat' dir='ltr'><strong>l</strong></span> <span class='ocrx_word' id='word_1_268' title='bbox 683 3932 815 4015; x_wconf 87' lang='lat' dir='ltr'><strong>legitur,</strong></span> <span class='ocrx_word' id='word_1_269' title='bbox 848 3951 891 3994; x_wconf 91' lang='lat' dir='ltr'><strong>ne</strong></span> <span class='ocrx_word' id='word_1_270' title='bbox 916 3950 1006 3994; x_wconf 81' lang='lat' dir='ltr'><strong>mox</strong></span> <span class='ocrx_word' id='word_1_271' title='bbox 1030 3929 1134 3992; x_wconf 89' lang='lat' dir='ltr'><strong>hiems</strong></span> <span class='ocrx_word' id='word_1_272' title='bbox 1158 3928 1242 4010; x_wconf 89' lang='lat' dir='ltr'><strong>ipsos</strong></span> <span class='ocrx_word' id='word_1_273' title='bbox 1265 3945 1320 4009; x_wconf 93' lang='lat' dir='ltr'><strong>op·</strong></span> 
     </span>
    </p>
   </div>
   <div class='ocr_carea' id='block_1_4' title="bbox 232 4334 507 4403">
    <p class='ocr_par' dir='ltr' id='par_1_7' title="bbox 232 4334 507 4403">
     <span class='ocr_line' id='line_1_33' title="bbox 232 4334 507 4403; baseline 0 -15"><span class='ocrx_word' id='word_1_274' title='bbox 232 4336 258 4403; x_wconf 88' lang='lat'><strong>1)</strong></span> <span class='ocrx_word' id='word_1_275' title='bbox 276 4334 356 4388; x_wconf 72' lang='lat' dir='ltr'><strong>nuuc.</strong></span> <span class='ocrx_word' id='word_1_276' title='bbox 375 4335 422 4396; x_wconf 78' lang='grc' dir='ltr'><strong>ιν,</strong></span> <span class='ocrx_word' id='word_1_277' title='bbox 440 4336 464 4400; x_wconf 81' lang='lat' dir='ltr'><strong>a,</strong></span> <span class='ocrx_word' id='word_1_278' title='bbox 482 4338 507 4389; x_wconf 84' lang='lat'><strong>4.</strong></span> 
     </span>
    </p>
   </div>
   <div class='ocr_carea' id='block_1_5' title="bbox 197 4424 1323 4588">
    <p class='ocr_par' dir='ltr' id='par_1_8' title="bbox 197 4424 1323 4588">
     <span class='ocr_line' id='line_1_34' title="bbox 230 4424 1323 4496; baseline 0.002 -18"><span class='ocrx_word' id='word_1_279' title='bbox 230 4426 257 4491; x_wconf 88' lang='grc'><strong>2)</strong></span> <span class='ocrx_word' id='word_1_280' title='bbox 284 4427 378 4490; x_wconf 88' lang='lat' dir='ltr'><strong>„Intra</strong></span> <span class='ocrx_word' id='word_1_281' title='bbox 405 4426 460 4480; x_wconf 81' lang='lat' dir='ltr'><strong>dies</strong></span> <span class='ocrx_word' id='word_1_282' title='bbox 483 4427 596 4496; x_wconf 86' lang='lat' dir='ltr'><strong>viginti”</strong></span> <span class='ocrx_word' id='word_1_283' title='bbox 621 4427 709 4493; x_wconf 86' lang='lat' dir='ltr'><strong>Cleon,</strong></span> <span class='ocrx_word' id='word_1_284' title='bbox 734 4430 765 4481; x_wconf 89' lang='lat' dir='ltr'><strong>ut</strong></span> <span class='ocrx_word' id='word_1_285' title='bbox 789 4427 923 4496; x_wconf 86' lang='lat' dir='ltr'><strong>pollicitus</strong></span> <span class='ocrx_word' id='word_1_286' title='bbox 945 4427 1040 4488; x_wconf 85' lang='lat' dir='ltr'><strong>luerat,</strong></span> <span class='ocrx_word' id='word_1_287' title='bbox 1062 4426 1181 4480; x_wconf 86' lang='lat' dir='ltr'><strong>Athenas</strong></span> <span class='ocrx_word' id='word_1_288' title='bbox 1204 4424 1323 4493; x_wconf 83' lang='lat' dir='ltr'><strong>captivos</strong></span> 
     </span>
     <span class='ocr_line' id='line_1_35' title="bbox 197 4517 756 4588; baseline 0.007 -18"><span class='ocrx_word' id='word_1_289' title='bbox 197 4517 272 4571; x_wconf 82' lang='lat' dir='ltr'><strong>duxit</strong></span> <span class='ocrx_word' id='word_1_290' title='bbox 289 4518 511 4574; x_wconf 82' lang='lat' dir='ltr'><strong>Lacedaemonios</strong></span> <span class='ocrx_word' id='word_1_291' title='bbox 530 4520 622 4588; x_wconf 85' lang='lat' dir='ltr'><strong>(Thoe.</strong></span> <span class='ocrx_word' id='word_1_292' title='bbox 641 4519 688 4584; x_wconf 88' lang='lat' dir='ltr'><strong>IV,</strong></span> <span class='ocrx_word' id='word_1_293' title='bbox 704 4522 756 4588; x_wconf 78' lang='lat'><strong>39).</strong></span> 
     </span>
    </p>
   </div>
   <div class='ocr_carea' id='block_1_6' title="bbox 0 0 1531 5214">
    <p class='ocr_par' dir='ltr' id='par_1_9' title="bbox 0 0 1531 5214">
     <span class='ocr_line' id='line_1_36' title="bbox 0 0 1531 5214; baseline 0 0"><span class='ocrx_word' id='word_1_294' title='bbox 0 0 1531 5214; x_wconf 95' lang='lat' dir='ltr'><strong> </strong></span> 
     </span>
    </p>
   </div>
  </div>
 </body>
</html>
