3046 5214
727 349 788 409 128

238 533 496 617 Corcyraeorum
532 536 688 618 captivos,
724 554 805 620 quos
839 554 880 598 ex
907 553 1019 617 pugna
1042 533 1084 596 ad
1108 531 1235 611 Sybota
1262 533 1317 595 ab·

195 651 360 714 duxissent
403 649 579 728 Corinthii,
615 651 676 712 800
714 650 848 712 talentis
884 648 1065 730 redemptos
1100 644 1181 722 esse}
1218 645 1319 708 refert

195 765 403 847 Thucydides
433 763 493 840 111,
527 765 578 840 td,
614 765 640 826 l.
673 761 768 843 Quod
793 763 934 844 pretium
959 761 1137 825 absurdum
1160 779 1240 836 esse,
1267 777 1320 841 op·

196 881 275 943 time
310 879 463 962 probavit
494 875 582 955 Ma„
615 879 674 941 etsi
708 877 882 941 fiduciaria
905 877 966 939 fuit
989 876 1121 957 emptio.
1147 873 1321 937 Vocabulo

196 1001 304 1056 autem
329 995 407 1068 μνῶν
431 992 596 1074 proposito
620 1011 677 1074 pro
701 987 855 1052 ταλοίντων
879 990 1049 1054 contextui
1075 988 1197 1051 mederi
1221 1007 1320 1050 cona·

197 1114 249 1170 tus
283 1114 346 1169 est:
379 1125 463 1189 quae
494 1105 679 1168 emendatio
706 1106 831 1168 incerta
855 1104 985 1187 quidem
1010 1107 1067 1179 est,
1092 1101 1235 1184 quiade
1262 1121 1322 1173 nu-

199 1222 294 1284 meris
329 1221 449 1302 agitur,
480 1225 625 1282 attamen
659 1219 834 1301 aptissima.
868 1214 989 1281 Verum
1022 1235 1106 1299 quae
1136 1216 1260 1279 deinde
1283 1215 1322 1277 de

197 1334 401 1415 captivorum
427 1351 563 1396 numero
589 1332 675 1396 dixit
688 1331 722 1412 ¹),
747 1352 786 1396 ea
810 1331 935 1396 diluere
960 1349 1041 1412 opus
1065 1349 1130 1392 non
1155 1348 1224 1392 esse
1240 1329 1321 1391 mihi

201 1447 340 1510 videtur.
375 1448 417 1509 Et
451 1447 580 1529 roganti
615 1448 656 1523 ei,
688 1465 747 1510 our
780 1465 845 1509 non
879 1465 952 1509 oum
976 1442 1156 1508 Corinthiis
1179 1444 1322 1524 captivis

199 1560 240 1644 (I,
266 1562 318 1638 30,
346 1561 375 1643 l)
408 1561 584 1643 permutati
619 1561 696 1637 sint,
728 1559 812 1621 nihil
844 1559 1037 1641 respondere
1061 1577 1232 1640 possumus
1257 1557 1322 1618 nisi

199 1675 348 1758 ignotum
380 1675 414 1737 id
445 1693 528 1750 esse;
563 1673 698 1736 sortasse
720 1692 774 1736 eos
798 1673 1003 1736 retinuerant
1026 1669 1216 1752 Corcyraei,
1242 1675 1322 1732 uta

199 1808 286 1851 novo
331 1788 418 1852 bello
462 1786 650 1851 Corinthios
691 1788 899 1863 deterrerent,
935 1805 990 1868 spe
1026 1791 1136 1848 tamen
1174 1783 1322 1847 frustrati

199 1907 399 1964 necaverant
434 1901 485 1964 vel
523 1900 748 1964 vendiderant.
785 1897 954 1983 Quidquid
987 1898 1018 1960 id
1053 1904 1111 1975 est,
1144 1894 1322 1978 Corcyraei

198 2014 320 2097 captivi
351 2016 384 2077 in
408 1996 548 2097 patriam
573 2017 761 2091 redierunt3
786 2014 841 2098 qui
865 2011 988 2076 ἕκαστον
1012 2015 1067 2074 τῶν
1091 2014 1217 2074 πολιτῶν
1245 2031 1320 2086 μετ-

199 2126 323 2210 ιόντεςΙ)
349 2129 433 2191 olam
457 2129 672 2193 delectionem
696 2130 738 2191 ab
760 2128 1017 2192 Atheniensibus
1039 2131 1325 2209 praeparaverunt

201 2243 244 2324 (et
274 2262 348 2306 cum
376 2242 526 2322 laterent,
553 2243 762 2325 magistratus
785 2261 839 2305 eos
864 2243 1035 2324 prohibere
1064 2261 1126 2304 non
1154 2237 1272 2322 potuit)
1287 2235 1322 2319 ³).

237 2613 261 2676 l)
281 2627 304 2678 p.
322 2612 379 2664 593.

236 2704 261 2771 2)
279 2703 323 2765 lla,
343 2720 408 2770 quae
427 2703 468 2756 hia
486 2703 573 2757 verbis
591 2703 688 2756 obiecit
706 2720 729 2772 p.
749 2704 806 2764 594,
823 2704 877 2757 lere
896 2703 1005 2771 puerilia
1023 2705 1092 2755 sunt.

235 2795 263 2860 3)
289 2797 318 2846 ln
344 2796 514 2848 annotatione
539 2798 627 2862 paucis
652 2794 738 2848 verbis
762 2799 866 2863 tongam
892 2794 1049 2864 Thucydidis
1071 2795 1155 2847 locum
1174 2795 1206 2848 de
1224 2795 1327 2849 duabus

201 2884 310 2938 navibus
329 2885 419 2938 Attica
439 2887 466 2938 ei
485 2885 628 2947 Corinthia.
646 2888 690 2947 ΙΙΙ,
710 2888 749 2945 70,
768 2887 790 2948 2,
810 2888 851 2936 nai
868 2888 1013 2949 ἀφικομένης
1033 2888 1149 2944 ’Arruntio
1166 2905 1194 2935 τε
1212 2892 1269 2944 νεὼς
1288 2891 1328 2938 καὶ

203 2981 319 3039 Κορινθίας
345 2981 455 3042 πρέσβεις
480 2981 589 3041 ἆγονσῶν
609 2979 651 3029 καὶ
674 2979 698 3037 ἐς
726 2984 814 3042 λόγους
831 2981 1005 3029 καταστάντων
1022 2979 1173 3042 ἐψηφίσαντο
1193 2986 1328 3042 Κορκυραῖοι

204 3070 335 3141 Ἀθηναίοις
359 3072 403 3130 μὲν
430 3070 556 3135 ξύμμαχοι
582 3069 639 3119 εἶναι
666 3073 731 3119 κατὰ
758 3075 791 3120 τὰ
817 3071 970 3135 ξνγκειμένοι,
996 3073 1191 3129 Πελοποννησίοις
1217 3072 1242 3120 δὲ
1261 3073 1328 3134 φίλοι

203 3160 279 3221 dorso
306 3163 345 3210 καὶ
372 3165 486 3222 πρότερον.
513 3161 595 3226 Quem
621 3161 707 3214 locum
730 3164 855 3230 explicare
880 3177 929 3214 uon
957 3178 1061 3228 possum
1080 3166 1186 3232 propter
1204 3162 1240 3224 id,
1258 3164 1329 3234 quod

204 3250 300 3304 obiecit
326 3251 394 3311 M.S..
422 3252 478 3304 lieri
505 3267 555 3304 non
580 3255 705 3321 potuisse,
724 3256 755 3306 ut
772 3252 861 3306 Pithia
880 3256 987 3322 eiusque
1004 3253 1118 3306 factione
1136 3269 1259 3322 magnam
1281 3255 1329 3307 ha-

205 3344 328 3398 bentibus
346 3347 538 3407 auctoritatem,
556 3349 650 3414 quippe
668 3346 712 3414 qui
732 3346 818 3415 paullo
835 3349 897 3400 ante
915 3349 970 3416 ipse
988 3346 1115 3399 liberatus
1130 3350 1250 3400 inimicos
1266 3364 1328 3401 con-

204 3437 361 3499 demnasset,
377 3435 545 3489 decernerent
563 3437 706 3505 Corcyraei,
725 3438 909 3505 symmachiam
932 3437 957 3504 [l
974 3438 1007 3490 ci.
1024 3439 1043 3499 1,
1058 3440 1099 3498 44,
1117 3439 1141 3504 1]
1154 3439 1259 3506 quidem
1270 3455 1328 3492 oum

106 3597 109 3601 .
205 3527 411 3581 Atheniensibus
434 3531 584 3581 servaturos
606 3544 634 3580 se
651 3544 716 3591 esse,
735 3528 780 3582 sed
797 3528 1045 3598 Peloponnesiorum
1064 3544 1167 3598 quoque
1185 3534 1283 3582 amicos
1301 3545 1328 3582 se

205 3619 268 3680 lore,
295 3621 324 3671 ut
349 3621 427 3671 antea
440 3618 488 3685 [?].
514 3618 656 3688 Propterea
679 3619 742 3672 haec
766 3618 846 3672 verba
870 3635 919 3672 non
938 3618 1095 3688 Thucydidis
1113 3635 1169 3672 esse
1186 3620 1328 3673 verisimile

206 3710 271 3763 duco
290 3741 320 3749 -
339 3726 389 3763 non
408 3725 457 3779 quo
477 3710 670 3764 Corinthiorum
688 3714 761 3763 navis
778 3714 825 3764 aut
844 3712 971 3781 Naupacti
990 3715 1036 3764 aut
1046 3711 1185 3764 Salaminis
1196 3711 1328 3764 custodias

205 3803 287 3855 latere
314 3818 364 3855 non
391 3805 515 3871 potuerit,
540 3808 633 3872 quippe
662 3819 728 3872 quae
754 3802 862 3872 Cyllene
888 3804 1014 3872 proficisci
1041 3805 1136 3872 posset,
1164 3819 1250 3872 neque
1277 3819 1328 3873 quo

207 3909 296 3948 eorum
322 3893 402 3962 legati
428 3895 513 3946 insula
539 3897 567 3946 et
590 3896 702 3946 comitiis
726 3893 851 3963 prohibiti
873 3894 980 3955 fuerint,
999 3897 1126 3946 coniurati
1145 3897 1214 3946 enim
1234 3894 1328 3964 populo

207 3986 361 4056 persuadere
379 3988 509 4056 poterant,
528 3990 558 4038 ut
576 4000 665 4038 aurem
685 3986 779 4039 saltem
798 3990 829 4038 iis
847 3986 1009 4056 praeberent,
1028 3987 1072 4039 sed
1093 3985 1162 4056 qnod
1181 3985 1329 4040 huiusmodi

207 4077 340 4131 decretum
364 4079 464 4131 facturn
487 4094 543 4131 esse
560 4093 611 4130 non
630 4081 671 4130 est
690 4077 820 4131 credibile.
839 4077 993 4147 Quanquam
1013 4094 1058 4132 cur
1076 4095 1090 4131 e
1108 4093 1155 4132 suo
1173 4081 1280 4147 ingenio
1300 4094 1329 4131 ea

207 4168 337 4223 addiderit
368 4169 460 4230 editor,
491 4172 588 4223 iustam
615 4185 719 4222 oausam
744 4169 843 4222 nullam
870 4173 1016 4239 excogitare
1044 4186 1158 4239 possum,
1187 4172 1215 4224 et
1241 4173 1330 4239 negari

207 4263 306 4329 nequit,
325 4260 425 4314 ultimis
443 4261 519 4315 liuius
537 4265 630 4331 capitis
648 4261 734 4315 verbis
753 4263 862 4317 alteram
880 4277 972 4316 navem
990 4266 1083 4332 respici
1101 4263 1191 4316 videri.

242 4352 360 4406 Genuina
377 4355 465 4406 autem
484 4353 642 4422 Thucydidis
660 4355 739 4408 verba
757 4355 857 4426 aliquot
875 4355 1044 4419 intercidisse,
1064 4371 1130 4425 quae
1148 4354 1271 4408 Muelleri
1290 4356 1330 4408 est

208 4447 302 4514 opinio,
320 4445 369 4498 hoo
384 4461 486 4499 sumere
504 4462 608 4499 necesse
626 4451 742 4513 nonest,
759 4447 896 4501 verborum
911 4448 980 4502 enim
997 4450 1163 4518 sequentium
1175 4451 1198 4511 (i
1208 4449 1233 4511 3)
1245 4450 1330 4500 struo·

208 4538 295 4589 turam
313 4539 405 4590 tuetur
422 4536 515 4590 similis
532 4536 605 4591 locus
625 4540 644 4603 Ι,
662 4539 702 4602 56,
721 4539 743 4591 2.
