3324 5392
862 419 903 480 54

312 601 459 683 μετέπεσε
473 603 506 670 τὸ
526 603 634 677 πλῆθος
648 603 724 688 (33).
738 604 810 669 Hoo
822 609 934 670 tamen
947 606 1132 690 urgendum
1145 626 1213 671 non
1227 625 1295 672 esse
1307 625 1431 674 oenseo.

355 719 401 783 At
432 738 571 802 semper,
601 719 649 782 ait
679 719 722 782 M.
736 718 778 797 S,
810 717 870 802 ilii,
892 720 929 782 in
954 739 1094 803 quorum
1121 721 1287 786 territorio
1308 721 1446 800 bellum

310 838 489 918 gereretur,
514 832 666 897 dextram
689 832 777 895 alam
802 838 1049 914 occupaverunt
1072 838 1104 896 et
1125 834 1357 916 hegemonium
1379 835 1433 898 ha·

313 949 457 1014 buerunt
470 943 514 1030 ¹);
550 951 582 1010 et
616 947 698 1012 duos
733 946 848 1010 laudat
881 947 985 1012 looos:
1018 946 1121 1011 Thuo.
1148 948 1187 1025 V,
1212 948 1264 1026 67,
1290 951 1320 1013 2.
1345 943 1434 1021 δεξιὸν

312 1059 367 1139 μὲν
391 1058 474 1142 κέρως
497 1065 650 1134 Μαντινεῖς
674 1053 763 1140 εἶχον,
788 1055 830 1123 ὅτι
854 1060 882 1124 ἐν
905 1067 942 1140 τῇ
965 1060 1076 1125 ἐκείνων
1099 1061 1132 1124 τὸ
1153 1057 1231 1140 ἔργον
1251 1059 1383 1139 ἐγίγνετο
1402 1067 1434 1126 et

311 1171 350 1254 V,
384 1175 437 1256 47,
472 1175 499 1238 7.
531 1173 547 1246 ἡ
582 1170 667 1246 πόλις
702 1173 718 1248 ἡ
754 1172 1021 1254 μεταπεμψαμένη
1056 1171 1109 1246 τὴν
1141 1173 1298 1253 ἡγεμονίαν
1328 1171 1433 1254 ἐχέτω,

310 1285 380 1354 ὅταν
403 1287 432 1352 ἐν
456 1295 492 1369 τῇ
516 1287 610 1361 αὐτῆς
634 1285 647 1350 ὅ
669 1284 798 1365 πόλεμον
820 1282 846 1368 ᾗ.

355 1399 453 1483 Quod
484 1403 525 1466 ad
553 1403 766 1484 posteriorem
791 1403 902 1466 looum
926 1404 1056 1481 attinet,
1081 1404 1168 1468 inde·
1183 1423 1250 1467 non
1276 1403 1434 1486 sequitur,

310 1536 439 1602 semper
468 1517 528 1582 hoo
561 1517 665 1582 moris
688 1517 805 1595 fuisse;
830 1518 921 1601 prior
945 1537 1023 1582 vero
1046 1517 1174 1584 firmius
1197 1516 1362 1582 videretur
1386 1537 1435 1582 ar·

310 1636 509 1714 gumentum
536 1631 695 1696 Muellero
719 1632 884 1716 praebere,
906 1633 972 1696 nisi
992 1630 1066 1696 aliis
1086 1632 1166 1696 loeis
1186 1631 1314 1699 collatis
1326 1650 1436 1698 errare

310 1763 399 1822 eum,
431 1745 557 1809 ostendi
581 1749 698 1828 posset.
723 1744 852 1828 Nempe
876 1745 915 1823 V,
943 1745 996 1824 67,
1023 1747 1053 1824 1,
1077 1745 1227 1810 dextram
1252 1746 1340 1810 aiam
1365 1765 1433 1810 non

311 1858 474 1942 Tegeatae
505 1864 647 1936 tantum,
682 1861 886 1944 inquorum
913 1861 1075 1924 territorio
1100 1879 1151 1924 res
1174 1861 1359 1943 gerebatur,
1384 1879 1435 1922 oo-

311 1973 490 2055 oupabant,
516 1973 572 2036 sed
595 1973 698 2036 etiam
721 1974 847 2057 aliquot
872 1974 1147 2051 Lacedaemonii3
1171 1993 1271 2057 penes
1295 1971 1433 2054 Agidem

312 2091 424 2150 autem
460 2087 559 2150 fuisse
594 2087 786 2170 imperium,
811 2107 910 2152 nemo
934 2089 1078 2171 negabit.
1103 2089 1192 2155 Libr.
1217 2085 1277 2166 ΙΙΙ,
1305 2088 1378 2166 107,
1404 2089 1434 2166 4,

312 2200 498 2264 Acarnanes
535 2219 642 2284 neque
679 2202 909 2284 hegemoniam
948 2203 1081 2280 habent,
1117 2221 1225 2287 neque
1261 2203 1296 2264 in
1321 2203 1435 2266 dextre

312 2315 464 2380 eolloeati
487 2320 575 2394 sunt,
602 2315 674 2394 etsi¹
688 2315 724 2377 in
748 2335 864 2379 eorum
889 2316 1055 2380 territorio
1082 2315 1206 2380 bellum
1228 2317 1354 2399 geritur
1361 2341 1371 2394 3
1396 2335 1437 2379 ex

312 2428 416 2492 altera
451 2432 562 2490 autem
600 2433 694 2509 parte
728 2429 948 2511 Eurylochus,
980 2449 1175 2513 quanquam
1200 2431 1278 2508 dux,
1304 2426 1435 2508 doxasse

312 2533 377 2620 εἶχε
410 2540 444 2604 τὸ
478 2539 621 2618 εὐώνυμον
653 2547 687 2606 et
722 2543 977 2625 Peloponnesios
1008 2549 1041 2607 et
1064 2544 1295 2611 Ambraciotas
1318 2539 1437 2620 ἀναμὶξ

312 2655 483 2736 disposuit.
508 2656 597 2721 Libr.
624 2656 650 2735 I,
675 2657 728 2733 48,
755 2657 785 2735 3,
811 2657 847 2718 in
873 2656 988 2720 dextra
1012 2655 1065 2720 ala
1085 2677 1184 2721 naves
1205 2657 1434 2736 suutAttioae,

312 2769 375 2833 etsi
419 2769 651 2854 hegemoniam
695 2790 763 2834 non
808 2770 930 2834 habent
973 2776 1007 2834 et
1046 2790 1159 2854 pugna
1195 2773 1281 2836 faeta
1316 2779 1365 2836 est
1399 2773 1436 2835 in

314 2884 400 2948 mari
432 2882 625 2966 Corcyraeo,
649 2882 823 2967 ,Corinthii
854 2889 966 2949 autem
1001 2885 1102 2949 totius
1125 2885 1236 2950 elassis
1261 2886 1358 2952 duoes
1381 2887 1436 2966 ad,-

315 3016 427 3061 versus
459 2997 679 3061 Athenienses
711 3017 745 3061 se
772 2997 1029 3062 collocaverunt.
1055 2999 1094 3061 In
1119 3018 1230 3081 pugna
1255 3005 1368 3062 autem
1393 3000 1436 3063 ad

313 3110 464 3174 Plataeas
485 3110 616 3192 (Herod.
640 3108 701 3190 iX,
716 3111 769 3192 Ae)
782 3113 973 3190 Pausanias,
987 3113 1140 3176 omnium
1153 3112 1354 3178 Graecorum
1369 3113 1435 3178 dux

313 3224 463 3288 dextram
488 3225 621 3308 quidem
649 3226 832 3306 oooupavit,
857 3226 912 3290 sed
937 3227 1017 3310 quia
1030 3226 1246 3291 Athenienses
1259 3227 1435 3294 Persarum

313 3338 485 3419 pugnandi
518 3339 618 3401 moris
644 3338 747 3419 magis
771 3339 868 3420 periti
893 3344 1010 3417 essent,
1036 3339 1166 3403 honoris
1190 3340 1262 3404 loeo
1287 3340 1434 3425 eessit2).

359 3449 496 3517 Nonnew
516 3472 557 3517 ex
595 3454 644 3516 his
665 3435 840 3536 'exemplis
870 3461 1018 3536 apparet,
1049 3473 1118 3518 non
1141 3473 1269 3537 semper
1293 3454 1434 3520 eundem

314 3566 413 3630 fuisse
445 3586 580 3644 morem,
609 3567 665 3630 sed
689 3567 788 3630 duoes
812 3567 860 3629 ita
884 3559 1081 3648 disposuisse
1104 3569 1267 3632 exereitus
1290 3587 1372 3647 suos,
1399 3573 1436 3632 ut

315 3699 417 3764 quam
443 3681 568 3762 optime
593 3681 726 3744 vinoere
752 3679 904 3763 possent?

358 3794 533 3858 Praeterea
557 3798 648 3858 estne
674 3794 864 3872 verisimile,
885 3793 1074 3876 Spartanos,
1096 3814 1237 3878 quorum
1258 3796 1379 3878 peritia
1398 3797 1434 3858 in

314 3908 432 3992 pugnis
465 3908 673 3972 terrestribus
705 3906 830 3992 ubique
863 3913 941 3972 note
972 3914 1064 3986 esset,
1088 3909 1235 3990 paruisse
1259 3909 1436 3990 Syracusa-
1503 3891 1510 3902 ⁵

315 4115 460 4124 ..—

232 4239 235 4244 -
351 4209 373 4269 1)
391 4207 456 4270 „den
475 4206 641 4275 Ehrenplatr,
659 4207 709 4260 mit
729 4207 788 4260 dem
805 4206 847 4260 die
865 4207 1025 4276 Hegemonie
1043 4207 1192 4262 verbunden
1209 4209 1286 4263 war.'’

348 4302 374 4368 2)
390 4299 482 4370 Neque
507 4299 575 4368 apud
600 4299 776 4353 Athenienses
802 4299 988 4367 polemarohus‚
1007 4300 1052 4370 qui
1069 4316 1171 4369 semper
1189 4301 1294 4356 dextrae
1311 4303 1368 4356 alae
1385 4303 1439 4358 dur

206 4389 209 4395 ‘
315 4393 380 4455 erat,
397 4390 451 4444 toti
469 4391 594 4444 exercitui
610 4392 737 4458 praeerat.
756 4390 869 4456 Tempus
889 4392 950 4444 ante
968 4392 1099 4445 saeculum
1116 4391 1238 4461 quintum
1253 4397 1281 4448 et
1291 4393 1437 4450 Clisthenis

315 4485 430 4538 aetatem
448 4483 553 4552 excipio.
572 4483 612 4538 Cf.
630 4481 742 4536 Aristot.
757 4483 835 4542 'Aeta
851 4492 914 4534 Πολ.
929 4498 950 4535 o.
961 4484 1006 4536 22:
1021 4483 1107 4534 ’ἔπειτα
1115 4487 1171 4542 τοὺς
1180 4489 1332 4549 στρατηγνῦς
1343 4485 1438 4551 ᾑροῦντο

315 4577 380 4627 nard
396 4578 478 4641 φυλὰς
495 4577 591 4634 ...τῆς
610 4574 635 4625 δὲ
653 4575 750 4635 ἁπάσης
768 4579 882 4638 στρατιᾶς
902 4572 998 4639 ὑγέμῶν
1016 4574 1041 4634 ἦν
1060 4577 1072 4626 ὁ
1089 4575 1250 4640 πολέμαρχος.
