3046 5214
735 278 798 342 120

197 469 307 532 thesin
340 469 487 551 refugere
514 467 642 546 vellem,
667 465 836 549 acropolin
863 466 1088 530 tantummodo
1113 465 1322 549 occupavisse

198 583 416 646 Plataeenses.

241 695 335 777 Quod
360 698 385 758 si
411 715 523 759 verum
548 702 605 772 est,
630 695 767 776 antique
792 695 882 758 urbis
906 694 1035 757 moenia
1057 694 1187 758 relicere
1209 699 1323 776 potue·

199 819 277 874 runt
301 809 560 884 Lacedaemonii,
585 809 704 873 lateres
727 816 836 873 autem
861 828 879 872 e
902 809 1054 873 domibus
1075 808 1210 871 desertis
1230 808 1326 870 desu-

198 945 300 988 mere:
326 944 433 1006 neque
458 932 526 987 tum
551 925 692 1007 amplius
718 943 871 986 numerus
897 924 959 984 480
986 923 1190 986 defensorum
1217 929 1326 984 tanto·
1364 908 1370 914 ’

199 1058 274 1121 pere
310 1039 453 1102 offendit.
491 1037 605 1120 Neque
642 1039 710 1101 veri
742 1037 902 1101 dissimile
925 1044 984 1114 est,
1008 1037 1227 1113 Plataeenses,
1252 1040 1327 1117 post

197 1152 429 1215 Thebanorum
466 1152 633 1234 impetum,
671 1151 858 1214 hominibus
894 1149 1080 1223 inutilibus,
1116 1148 1326 1225 mulieribus,

199 1264 310 1328 liberis
344 1264 488 1328 Athenas
521 1267 626 1328 missis
651 1264 768 1349 (Thus.
792 1265 834 1343 Π,
861 1267 890 1342 6,
916 1267 960 1346 4),
983 1264 1019 1326 in
1045 1264 1206 1326 minorem
1233 1281 1326 1326 acro-

199 1379 288 1462 polin
314 1379 478 1442 recessisse
501 1385 534 1442 el
560 1381 642 1442 bene
667 1379 749 1443 hanc
774 1379 953 1442 munivisse
968 1374 1004 1460 ¹).

242 1490 351 1572 Quem
390 1493 582 1574 hypothesin
620 1513 685 1556 non
721 1493 819 1555 diluit
855 1493 946 1570 M.S.,
983 1497 1019 1555 ut
1056 1491 1138 1553 mihi
1177 1491 1325 1554 videtur.

196 1608 235 1669 P.
261 1606 321 1669 307
348 1607 437 1669 enim
463 1626 528 1670 non
551 1606 614 1670 sibi
636 1606 806 1688 displicere
819 1625 891 1670 eam
906 1606 1097 1682 confitetur;
1111 1605 1189 1680 „sed
1204 1604 1325 1686 (addit)

196 1739 275 1783 curn
302 1721 408 1783 hostes
429 1721 540 1782 statim
563 1726 706 1783 ceteram
721 1721 810 1783 urbis
823 1727 950 1801 partem
965 1719 1176 1800 occupavisse
1190 1737 1327 1781 necesse

194 1833 246 1909 sit,
284 1833 324 1895 de
356 1833 415 1895 hae
450 1839 541 1913 parte
574 1833 702 1896 minore
734 1833 842 1896 dicere
867 1852 933 1894 non
957 1833 1067 1913 potuit
1091 1831 1326 1912 Thucydides:

195 1943 399 2025 περιετείχιζον
435 1943 487 2016 τὴν
522 1943 605 2008 πόλιν
636 1944 750 2024 κύκλῳ
783 1965 864 2028 quas
896 1965 999 2028 nugas
1032 1964 1110 2022 esse,
1144 1963 1203 2007 nos
1228 1944 1328 2008 docet

196 2060 312 2123 tabula
336 2059 574 2143 geographica”
592 2061 628 2143 2).

241 2171 335 2254 Quae
368 2174 468 2237 verba
500 2193 566 2237 non
598 2174 764 2256 intelleg0,
791 2193 868 2236 nam
894 2174 929 2235 in
957 2173 1072 2237 tabula
1094 2172 1326 2255 geographica,

196 2306 296 2369 quarn
323 2285 472 2369 appinxit
496 2306 527 2368 p.
553 2286 626 2364 300,
651 2288 736 2351 arcis
761 2308 894 2350 nrurnm
921 2287 1011 2350 urbis
1032 2287 1205 2350 moenibus
1231 2287 1327 2350 undi-

196 2419 260 2481 que
287 2400 433 2462 cinctum
448 2399 471 2480 3)
496 2400 655 2477 videmus,
680 2419 786 2482 ncqne
812 2400 1010 2464 vocabulum
1035 2401 1118 2469 πόλις
1143 2419 1201 2482 pro
1228 2419 1320 2463 acro·

198 2514 266 2595 poli
293 2513 492 2577 Muellerum
518 2514 679 2578 offendere
702 2516 811 2596 potuit
824 2517 857 2595 ⁴).

244 2626 378 2689 Similia
411 2635 523 2690 antem
558 2629 686 2709 scripsit
717 2648 747 2709 p.
773 2629 847 2706 322,
880 2629 943 2690 nisi
966 2628 1054 2710 quod
1079 2628 1132 2690 hio
1157 2633 1328 2709 praeterea

199 2742 337 2822 rogavit,
363 2760 474 2804 nonne
500 2740 688 2804 mirandum
712 2741 762 2819 sit,
784 2751 854 2824 post
874 2750 942 2805 tarn
963 2743 1127 2825 copiosam
1143 2742 1328 2805 obsidionis

198 2854 450 2935 descriptionem
487 2854 632 2917 dubitari
668 2857 769 2917 etiam
801 2874 903 2937 posse,
936 2856 1058 2936 quibus
1089 2854 1165 2917 locis
1197 2854 1328 2918 luerint

200 2967 384 3030 defensores
409 2978 441 3030 et
462 2969 722 3050 impugnatores.
746 2966 840 3048 Quae
863 2969 1048 3031 dubitantis
1072 2976 1152 3031 sunt
1174 2969 1327 3032 verbaet

199 3080 337 3142 alteram
376 3081 570 3162 hypothesin
608 3103 674 3144 non
711 3083 849 3145 omnino
882 3082 1088 3144 abiciendam
1122 3101 1200 3156 esse,
1226 3084 1324 3163 quasi

201 3193 347 3256 confiteri
373 3193 414 3254 iis
438 3193 578 3258 videtur.
629 3198 634 3207 '

235 3540 260 3600 1)
278 3538 363 3590 Lealre
387 3539 414 3590 in
433 3538 550 3591 versione
568 3538 723 3592 Germanica
742 3539 805 3592 haec
822 3539 916 3592 habet:
936 3538 993 3601 „die
1013 3539 1152 3606 akropolis‚
1171 3557 1248 3594 wcnn
1267 3543 1326 3596 eine

198 3631 287 3683 innere
307 3630 522 3698 einschlieszung,
538 3629 580 3683 die
599 3632 671 3684 nicht
690 3631 738 3683 auf
752 3631 798 3684 der
819 3632 946 3684 hochsten
965 3631 1042 3684 stelle
1060 3631 1105 3684 des
1120 3632 1326 3701 plateeusliegt‚

199 3737 227 3774 so
254 3724 370 3789 genennt
395 3726 496 3775 werden
521 3722 586 3785 dari,
605 3723 641 3775 ist
659 3723 888 3791 augenscheinlich
905 3739 953 3775 aus
971 3723 1075 3776 steinen
1094 3724 1196 3789 erbsut,
1214 3724 1257 3778 dic
1275 3742 1325 3780 von

198 3816 296 3867 dlteren
314 3814 449 3881 geb'a'uden
468 3815 669 3883 hergenommen
688 3813 771 3867 sind.''
787 3814 832 3866 llis
849 3813 934 3866 verbis
944 3814 1097 3883 hypothesis
1107 3831 1137 3868 ea
1146 3816 1327 3872 confirmatur.

233 3908 259 3972 2)
287 3906 374 3967 „Aber
399 3923 472 3959 wonn
496 3906 538 3959 die
564 3905 708 3974 besctzung
726 3906 782 3958 sich
800 3905 869 3959 bcim
887 3905 1038 3959 erscheinen
1058 3905 1103 3959 der
1122 3907 1326 3974 Peloponnesios

198 3999 225 4050 in
253 3997 324 4051 diese
350 3997 479 4064 akropolis
498 3997 649 4066 zuriiclmog,
668 4013 697 4050 so
715 3999 819 4049 masten
838 3996 879 4050 die
896 3995 983 4050 scinde
1001 3996 1047 4049 des
1064 4000 1200 4065 gerdumte
1219 3999 1324 4067 plateau
1400 4065 1402 4068 ι

199 4089 330 4142 nathrlioh
357 4089 440 4141 sofort
467 4089 493 4140 in
517 4087 600 4141 hesitz
625 4089 744 4150 nchmen,
770 4088 823 4141 und
841 4089 888 4141 wie
907 4088 1005 4141 konnte
1023 4088 1091 4141 darm
1111 4089 1280 4159 Thukydides
1297 4092 1325 4144 in

199 4181 283 4250 bezug
309 4181 356 4233 auf
379 4180 449 4233 diosc
474 4180 675 4234 nordwestliclre
699 4180 760 4234 eche
781 4181 816 4247 [l]
839 4180 888 4233 des
907 4179 1024 4246 plateaus
1043 4196 1133 4250 sagen:
1154 4185 1325 4250 περιετείχιζον

199 4278 242 4329 τὴν
260 4278 327 4324 πόλιν
345 4272 442 4335 nossa?
461 4272 519 4325 dass
538 4272 583 4325 das
603 4272 697 4325 unsinn
719 4273 763 4334 ist,
781 4273 851 4326 lehrt
866 4273 895 4341 ja
914 4273 955 4325 oin
973 4271 1044 4325 blich
1060 4273 1108 4325 auf
1123 4272 1164 4326 die
1182 4273 1284 4328 harte.''

232 4365 258 4430 3)
275 4365 298 4416 A
317 4363 412 4417 Leakio
429 4379 475 4416 arx
493 4379 523 4416 ea
542 4365 650 4416 vocatur
669 4363 742 4426 „eine
760 4364 850 4417 innere
868 4363 1102 4432 einschlieszung.'’

230 4457 258 4521 4)
277 4455 318 4509 Cl.
336 4454 418 4508 Thus.
439 4456 470 4520 ΙΙ,
489 4455 530 4515 15,
550 4455 572 4507 6.
621 4463 625 4470 “
824 4459 825 4463 ’
