3324 5392
850 425 891 487 58

311 613 420 674 tomen
444 610 534 688 M.S.,
560 629 601 674 ex
624 602 779 694 Diogenis
803 612 913 676 verbis
936 611 971 675 id
994 611 1076 676 effici
1098 629 1208 694 posse;
1228 613 1325 694 putat
1343 611 1431 674 enim

310 725 411 788 verba
435 716 474 795 εἷς
496 726 552 786 τῶν
575 723 764 804 τετρακοσίων
788 745 808 787 a
831 725 987 809 scriptore
1011 744 1080 790 non
1104 725 1146 789 ad
1166 725 1283 789 iudicii
1304 727 1431 808 tempus

311 835 532 902 definiendum
568 857 636 910 essa
669 839 789 916 addita,
822 840 876 903 sed
901 843 939 904 ut
960 840 1029 922 ipse
1051 843 1221 904 accusator
1244 840 1431 904 accuratius

310 951 522 1031 indicaretur,
543 952 637 1034 quasi
661 951 767 1015 dieas:
793 953 1022 1034 „Pythodorus
1046 951 1114 1030 ille,
1137 952 1194 1036 qui
1215 955 1327 1035 postea
1347 972 1432 1016 unus

311 1084 328 1128 e
352 1065 600 1149 quadringentis
623 1065 704 1128 viris
726 1065 819 1130 fuit”.
845 1064 897 1130 Sic
916 1067 985 1148 (ait)
1006 1065 1127 1132 Critias
1146 1063 1305 1146 ὂτύραννος
1319 1067 1430 1131 vocari

311 1178 401 1257 solet,
437 1179 564 1242 etiamsi
597 1179 770 1263 nequead
794 1184 922 1262 tempus
946 1179 1232 1263 trigintavirorum
1256 1179 1432 1263 nequead

310 1311 371 1370 res,
393 1311 475 1376 quas
485 1292 555 1374 ipse
567 1291 690 1356 Critias
703 1297 781 1356 tunc
793 1293 949 1375 temporis
961 1293 1037 1376 egit,
1051 1293 1220 1356 alludatur
1235 1291 1270 1376 1).
1284 1293 1433 1378 Krueger

312 1427 442 1492 quoque
475 1407 633 1486 concedit,
669 1409 823 1491 temporis
859 1408 1086 1472 definitionem
1119 1413 1242 1472 certam
1273 1427 1291 1472 e
1323 1409 1433 1472 verbis

310 1541 376 1587 non
414 1522 517 1607 sequi,
552 1523 681 1586 solitam
715 1527 824 1586 tamen
857 1522 1110 1606 explicationem
1144 1521 1376 1606 simpliciorem
1399 1527 1433 1586 et

310 1636 578 1721 verisimiliorem
599 1637 699 1701 ducit.

356 1748 399 1812 At
433 1750 555 1813 similes
586 1750 671 1814 dabo
703 1751 892 1827 sententias,
925 1769 943 1814 e
976 1749 1095 1833 quibus
1118 1749 1270 1814 Muelleri
1294 1745 1433 1832 explica-

310 1863 433 1928 tionem
457 1863 624 1928 ferendam
647 1883 713 1928 nou
735 1883 802 1928 esse
825 1868 993 1947 sequatur.
1021 1862 1130 1946 Siquis
1152 1863 1323 1927 historicus
1334 1863 1432 1945 scrip·

310 1978 402 2042 sisset
433 1977 473 2041 de
503 1996 592 2042 anuo
627 1978 728 2040 1831:
753 1977 960 2056 „Gulielmus
983 1974 1029 2056 II,
1054 1977 1317 2041 Batavorum
1340 1997 1430 2053 rex,

311 2092 426 2155 urbem
457 2091 656 2167 Bruxeliam,
689 2092 849 2156 seditione
874 2109 972 2175 quam
998 2091 1141 2154 maxime
1166 2091 1341 2167 turbatam,
1365 2089 1433 2154 fere

311 2205 399 2270 solus
411 2206 536 2270 intrare
548 2225 647 2270 ausus
659 2205 739 2271 est.’'
754 2205 815 2269 Vel
829 2205 868 2270 de
881 2224 968 2270 anno
984 2206 1067 2270 1795
1080 2230 1086 2268 :
1100 2203 1305 2288 „Napoleom
1319 2224 1431 2269 exer·

312 2321 427 2384 citus
458 2319 718 2404 Aegyptiaci
750 2321 850 2397 dux,
881 2321 1031 2384 Lutetiae
1056 2318 1200 2402 perfecit,
1226 2323 1263 2383 ut
1286 2317 1432 2397 ,concilii

313 2434 503 2499 nationalis'
528 2435 653 2499 sodales
676 2435 797 2499 iterum
822 2433 1054 2518 eligerentur,'’
1075 2435 1148 2519 quis
1168 2432 1434 2517 haeoprobaret?

356 2547 479 2613 Contra
503 2549 530 2610 si
556 2549 629 2631 quis
652 2549 844 2627 narraverit,
871 2547 1105 2631 Napoleonem,
1130 2547 1436 2630 Francogallo·

312 2682 400 2726 rum
434 2663 758 2746 imperatorem,
791 2681 880 2726 anno
915 2662 997 2726 1169
1031 2666 1148 2726 natum
1180 2680 1257 2739 esse,
1282 2661 1342 2726 etsi
1366 2680 1432 2725 non

312 2782 463 2843 accurate
486 2777 521 2840 id
543 2777 665 2841 dictum
691 2784 749 2855 est,
772 2777 909 2861 quisque
929 2777 1110 2868 intelleget,
1129 2777 1270 2840 indicari
1283 2796 1432 2861 puerum,

313 2893 371 2977 qui
404 2895 517 2975 postea
551 2893 729 2975 imperator
763 2893 868 2956 factus
899 2893 951 2971 sit,
982 2892 1138 2976 quoniam
1163 2891 1244 2955 baec
1266 2891 1331 2954 viri
1355 2887 1434 2954 cele-

312 3005 455 3070 berrima
478 3003 540 3069 fuit
563 3006 714 3087 dignitas,
741 3025 848 3090 neque
869 3007 904 3068 in
926 3025 961 3069 re
981 3009 1048 3068 tam
1062 3004 1435 3082 notaerrarehomines‚

313 3118 468 3183 credibile
492 3123 549 3182 est.
576 3119 629 3183 Sic
652 3119 755 3202 igitur
779 3117 923 3196 „Critias
948 3117 962 3181 d
985 3115 1137 3198 criptum?
1162 3119 1241 3182 ferri
1261 3122 1377 3201 potest,
1400 3122 1435 3180 at

312 3232 401 3314 ferri
414 3233 531 3317 nequit
562 3235 755 3310 „accusator
778 3225 816 3304 εἷς
839 3233 895 3294 τῶν
918 3229 1139 3311 τετρακοσίων”,
1163 3232 1190 3294 si
1215 3231 1435 3314 designandus

312 3349 354 3412 sit
390 3348 452 3426 vir,
487 3349 544 3432 qui
574 3347 702 3432 aliquot
732 3347 830 3410 annis
853 3351 925 3429 post
950 3348 1038 3410 inter
1063 3347 1321 3430 quadringentos
1344 3347 1433 3410 viros

312 3463 354 3526 sit
377 3467 535 3545 recaptus.

356 3576 384 3638 Ε
420 3575 576 3659 Diogenis
605 3575 708 3657 igitur
733 3574 842 3639 verbis
865 3576 1001 3638 omnino
1027 3575 1184 3658 sequitur,
1208 3575 1432 3656 Pythodorum

312 3693 534 3756 accusatorem
564 3691 672 3767 tuisse,
706 3710 769 3775 quo
801 3696 945 3773 tempore
968 3690 1284 3774 quadringentorum
1306 3693 1432 3753 senato·

311 3823 385 3870 rum
419 3825 505 3869 unus
531 3809 598 3868 'aut
632 3809 715 3869 esset
748 3810 808 3869 aut
838 3805 959 3869 fuisset.
983 3802 1098 3888 Neque
1122 3823 1237 3868 verum
1261 3809 1318 3882 est,
1346 3803 1434 3888 quod

311 3923 405 4001 putat
431 3917 524 3998 Ma,
549 3919 739 4003 Diogenem,
763 3921 790 3982 si
811 3920 896 3983 hanc
915 3919 1117 3991 sententiam¹
1126 3918 1308 4001 exprimere
1321 3917 1432 3996 vellet,

312 4032 452 4096 scr'ibere
476 4033 643 4096 debuisse:
668 4025 729 4109 „sic
753 4030 789 4095 ὢν
812 4034 868 4095 τῶν
891 4029 1119 4112 τετρακοσίωιῖᾞ
1139 4032 1214 4111 imo,
1237 4031 1265 4093 si
1277 4029 1435 4095 voluisset

312 4148 357 4226 id,
389 4149 475 4232 quod
506 4149 661 4231 opinatur
692 4148 780 4226 Me,
813 4149 883 4211 sine
907 4146 1006 4212 dubio
1031 4148 1182 4212 dixisset:
1208 4145 1311 4227 „perd
1333 4148 1436 4208 ταῦτα

312 4255 352 4335 εἷς
374 4261 471 4326 1.τ.”
494 4263 548 4325 vel
572 4259 623 4341 „tc
646 4260 699 4326 nal
722 4259 841 4340 γέγονεν
864 4255 903 4335 εἷς
926 4285 953 4326 τ.
967 4259 1016 4326 τ.”

314 4443 460 4454 -.-

346 4537 372 4602 1)
398 4534 489 4597 „Aueb
511 4549 587 4588 wenn
609 4548 657 4602 gar
678 4533 753 4587 nicht
776 4548 826 4587 von
844 4533 930 4587 seiner
946 4532 1063 4600 stellnng
1080 4531 1133 4586 und
1150 4530 1296 4600 thatiglreit
1314 4545 1359 4585 zur
1376 4533 1432 4586 zeit

311 4627 358 4681 dor
374 4626 487 4696 dreiszig
504 4625 546 4679 die
563 4624 624 4680 rede
642 4624 705 4679 ist.’'
