3046 5214
746 314 785 372 52

245 497 383 573 Iniuria,
408 498 455 560 ait
479 493 621 572 Classen,
643 497 700 580 qui
722 496 823 573 addit,
837 496 1055 578 Syracusanis
1067 514 1189 578 magno
1203 496 1329 560 honori

202 611 309 685 fuisse,
335 612 420 695 quod
446 613 481 673 in
509 613 568 675 hnc
593 612 680 676 bello
705 611 825 675 Siculis
848 613 952 694 copiis
971 617 1159 694 praeessent
1172 615 1205 674 et
1217 612 1331 675 socios

201 726 358 790 haberent
381 724 569 789 Corinthios
592 732 625 789 et
649 722 973 805 Lacedaemonios1).
999 723 1107 806 Quam
1133 726 1330 813 annotatio·

200 859 275 902 nem
312 859 371 902 cur
405 839 622 921 adscripserit,
660 858 712 902 me
746 838 826 901 latet
835 864 843 914 ;
880 838 964 900 nihil
990 839 1080 901 enirn
1107 844 1232 914 narrat,
1259 839 1330 901 nisi

201 954 287 1036 quod
311 973 328 1016 e
351 953 543 1034 Thucydide
568 953 637 1035 ipso
660 953 798 1036 quisque
817 973 1009 1035 cognoscere
1030 954 1139 1036 possit.
1161 951 1329 1018 Gurvero

200 1067 361 1130 servanda
393 1068 460 1130 sint
495 1067 608 1142 verba,
644 1085 728 1150 quae
761 1067 910 1149 Krueger
933 1067 1075 1144 delebat,
1100 1073 1131 1130 et
1156 1068 1328 1150 quomodo

200 1181 484 1262 Syracusanorum
520 1179 657 1263 gloriam
696 1200 735 1243 ea
772 1200 838 1243 non
877 1182 1041 1257 minuant,
1075 1182 1126 1242 his
1159 1181 1329 1245 derebus

199 1292 330 1357 nullum
357 1294 445 1376 apud
469 1291 674 1357 Classenium
701 1294 840 1357 verbum
867 1294 1039 1375 reperitur.

245 1406 403 1470 Attamen
429 1408 511 1468 mihi
536 1426 666 1490 quoque
691 1407 849 1489 Kruegeri
874 1407 1040 1470 sententia
1060 1406 1234 1488 probanda
1253 1426 1326 1470 non

199 1539 267 1583 esse
288 1520 426 1595 videtur,
440 1521 550 1584 abesse
562 1521 652 1582 enim
667 1525 838 1602 nequeunt
852 1520 931 1582 haec
944 1519 1055 1596 verba,
1070 1520 1133 1581 nisi
1147 1521 1328 1602 sequentia

199 1653 329 1717 quoque
350 1638 429 1708 uerri
443 1669 454 1678 -
469 1631 569 1712 σφίσιν
589 1634 763 1696 eiciantur.
786 1629 873 1695 Nam
895 1633 1032 1716 quaevis
1051 1633 1214 1696 sociorum
1230 1652 1327 1696 men-

199 1748 246 1811 tio
272 1749 556 1829 Syracusanorum
579 1747 719 1829 gloriam
747 1746 988 1830 quodammodo
1014 1747 1137 1810 minuit
1160 1753 1192 1810 et
1216 1748 1250 1809 in
1277 1752 1328 1810 ta·

200 1861 289 1924 libus
320 1861 475 1923 laudibus
504 1860 688 1942 magnificis
712 1867 744 1923 et
768 1859 946 1943 splendidis
969 1860 1094 1936 omnia,
1120 1879 1205 1942 quae
1231 1860 1328 1941 (licet

199 1994 276 2038 vera
300 1975 378 2054 siut)
403 1974 452 2037 vel
481 1974 658 2035 minimam
684 1974 806 2037 faciant
831 1974 997 2049 umbram,
1022 1974 1207 2037 omittenda
1233 1980 1327 2038 sunt.

242 2087 349 2169 Quam
384 2093 532 2152 contorta
562 2092 673 2150 autem
707 2092 779 2169 post
802 2087 963 2168 Kruegeri
987 2088 1149 2151 athetesin
1174 2095 1327 2171 superest

197 2201 377 2266 sententia!
410 2201 490 2277 μετὰ
520 2205 575 2264 τῶν
600 2197 868 2277 ξυμβονθνσνίντων
891 2199 992 2280 σφίσιν
1017 2198 1158 2278 ἡγεμόνες
1181 2225 1215 2264 τε
1237 2201 1325 2279 νενό-

197 2334 276 2393 μενον
311 2314 391 2392 μετὰ
426 2314 568 2394 Κορινθίων
603 2312 655 2378 καὶ
680 2314 917 2390 Λακεδαιμονίων
941 2312 992 2377 καὶ
1018 2339 1044 2377 κ.
1060 2339 1086 2378 τ.
1101 2315 1135 2391 ἑ,
1160 2317 1183 2378 i.
1197 2336 1225 2380 e.
1252 2337 1326 2380 una

197 2450 273 2493 oum
299 2431 350 2506 iis,
376 2431 435 2513 qui
460 2430 667 2506 adiuverunt,
693 2430 791 2493 duces
815 2431 961 2506 luerunt,
985 2450 1059 2492 cum
1081 2429 1264 2494 Corinthiis
1286 2438 1324 2494 et

196 2544 474 2607 Lacedaemoniis.
511 2541 593 2623 Quis
629 2563 694 2606 nou
730 2543 928 2624 populorum
966 2543 1105 2605 uomina
1136 2545 1325 2609 sententiae

196 2657 292 2721 initio
316 2657 503 2734 addidisset,
527 2663 587 2720 aut
611 2658 773 2720 omisisset
797 2663 829 2720 et
853 2675 874 2717 a
893 2657 1017 2718 summi
1040 2658 1201 2720 momenti
1222 2678 1323 2722 voca·
1376 2694 1378 2699 ·

198 2771 274 2834 bulo
307 2767 447 2847 ἡγεμόνες
477 2769 672 2852 incepisset?
702 2771 875 2832 Praeterea
900 2770 959 2832 hoc
983 2769 1055 2833 looo
1079 2789 1194 2833 aurem
1220 2771 1323 2834 offen-

195 2884 243 2947 dit
269 2883 433 2966 particula
455 2882 497 2946 τέ.

241 2995 342 3062 Nunc
373 3003 483 3061 autern
510 2998 662 3061 Muelleri
687 2996 859 3061 videamus
883 2998 1151 3061 emendationem
1175 2998 1324 3082 Kruege-

195 3112 292 3173 riana
318 3113 422 3174 multo
447 3112 696 3193 simpliciorem.
723 3108 787 3190 Qui
814 3131 916 3173 unam
932 3112 1027 3175 modo
1040 3113 1322 3194 praepositionem

196 3222 276 3299 μετὰ
308 3225 394 3288 delet
407 3222 441 3308 9).
472 3222 613 3300 ἡγεμόνες
641 3247 674 3286 τε
701 3221 847 3301 γενόμενον
873 3224 981 3310 [μετὰ]
1007 3224 1150 3304 Κορινθίων
1174 3221 1225 3287 καὶ
1251 3234 1322 3289 Λμ-

116 3414 120 3422 ,
195 3337 380 3414 catenatos
404 3334 453 3401 noti
477 3362 503 3401 κ.
517 3362 543 3401 τ.
559 3338 580 3400 ἕ.

229 3668 253 3732 1)
268 3668 350 3726 „Dasz
370 3666 411 3720 die
430 3667 584 3736 Syralmsier
601 3668 628 3721 iu
647 3668 745 3722 diesem
764 3668 863 3736 Kampf
877 3669 919 3724 die
939 3671 1321 3740 Hegemoniefuhrteu,selbst

193 3757 277 3810 neben
303 3758 465 3811 Korinthern
491 3760 544 3812 und
569 3759 799 3821 Lakeddmouiem
825 3760 878 3814 und
901 3761 961 3815 dasz
980 3763 1026 3816 auf
1040 3764 1124 3816 ihrem
1143 3763 1255 3818 Gebiete
1273 3764 1322 3818 der
1376 3802 1381 3813 .

193 3848 292 3917 Kampf
316 3850 502 3917 ausgel'ochten
529 3853 623 3915 wurde,
650 3853 697 3905 das
713 3853 765 3922 gab
783 3854 862 3906 ihnen
880 3855 922 3907 fiir
938 3872 1005 3923 ganz
1024 3856 1114 3909 Hellas
1133 3858 1191 3910 eine
1210 3858 1320 3912 vorwie-

192 3940 276 4008 geude
294 3940 474 4010 Bedeutung.”
491 3943 619 3997 Classenii
636 3944 699 3998 haec
717 3945 797 3998 verba
814 3945 904 3999 laudat
922 3945 986 4000 M.S.
1004 3963 1028 4015 p.
1040 3949 1078 4008 12,
1088 3949 1136 4001 sed
1144 3964 1191 4016 pro
1200 3948 1320 4011 „uebeu”

193 4031 274 4086 habet
292 4032 396 4096 „i'1her'’‚
414 4034 483 4102 quod
501 4034 557 4087 siue
574 4034 654 4088 dubio
671 4035 734 4088 ferri
752 4051 803 4088 non
821 4039 918 4104 potest,
935 4036 997 4090 dum
1015 4041 1080 4099 μετὰ
1097 4038 1204 4107 legitur.
1222 4038 1321 4093 Utrum

193 4138 265 4177 error
282 4124 319 4177 sit
336 4110 464 4188 Muelleri,
482 4142 515 4178 an
533 4125 660 4181 Classenii
677 4127 705 4179 iu
723 4127 808 4194 priore
827 4127 943 4182 editione
961 4159 991 4168 -
1010 4145 1070 4182 nam
1088 4130 1115 4182 in
1134 4129 1217 4184 altera
1233 4129 1320 4185 denuo

193 4216 292 4284 legitur
310 4215 427 4278 „ueben”
445 4246 478 4254 -
495 4216 596 4286 ignoro.

226 4307 253 4372 2)
272 4307 304 4360 ln
323 4307 502 4361 Herwerdeuii
519 4307 634 4361 editione
655 4309 719 4362 haec
734 4308 869 4378 leguntur:
886 4309 976 4373 ‚,M.S.,
991 4311 1032 4364 cui
1048 4313 1137 4365 tamen
1147 4311 1319 4367 delentimor

192 4399 220 4447 τὲ
238 4402 266 4451 et
284 4403 349 4461 μετὰ
366 4415 417 4452 non
436 4399 591 4452 assentior.”
607 4399 731 4454 Fortasse
750 4403 791 4454 est
809 4416 880 4455 error
896 4403 1061 4471 typothetae.
1079 4403 1146 4456 Nam
1163 4404 1256 4458 statim
1277 4404 1317 4458 ibi

194 4492 338 4560 sequuntur
354 4491 445 4545 verba:
465 4493 510 4554 „rt
527 4495 555 4544 et
572 4493 640 4554 μέρος
658 4491 708 4546 del.
726 4493 870 4561 Krueger.''
