3046 5214
730 329 790 392 lot

199 536 283 599 quae
315 517 485 581 Locridem
517 520 550 580 et
572 515 742 581 Euboeam
765 514 994 580 custodiebant
1006 513 1040 596 ι),
1066 514 1248 598 pertinere,
1276 534 1331 578 su·

198 632 344 714 spicatur
367 631 443 694 ihs.
458 630 493 712 ⁹).
516 631 560 693 At
583 630 709 709 dubito,
733 650 815 694 num
840 630 920 694 haec
944 627 1054 712 penaio
1077 630 1166 694 inter
1188 633 1329 707 ceteras,
1360 653 1365 660 ·

198 764 284 828 quae
308 746 344 807 in
369 745 595 809 Macedoniam
619 744 747 809 solutae
770 749 859 821 aunt,
882 744 1043 807 recenseri
1067 741 1230 826 potuerit3
1247 761 1329 807 nam

199 865 306 923 cetera
338 859 418 935 loca,
450 878 592 941 quorum
624 859 761 922 nomina
787 877 819 922 v.
846 857 862 919 l
888 863 961 940 post
982 856 1013 927 ἐς
1039 855 1226 920 Μακεδονίαν
1250 876 1328 940 sup-

199 971 318 1055 plenda
347 978 437 1050 sunt,
463 973 497 1034 in
521 972 634 1036 eadem
661 972 793 1055 regione
817 972 881 1035 sita
904 989 973 1034 esse
997 970 1154 1034 credibile
1177 975 1246 1034 est:
1273 971 1325 1033 sin

199 1085 321 1162 minus,
345 1085 459 1148 eodem
483 1085 556 1148 inre
580 1085 753 1168 pensiones
776 1081 840 1163 περὶ
865 1080 1082 1156 Πελοπόννησον
1101 1088 1180 1149 ante
1200 1084 1228 1146 B
1247 1104 1282 1147 v.
1306 1087 1325 1147 9

200 1199 298 1262 scribi
321 1199 505 1282 potuissent
517 1197 554 1282 8).

244 1311 497 1377 Wilamowitzii
529 1317 641 1376 autem
671 1313 990 1395 interpretationem,
1015 1311 1240 1395 septendecim
1267 1332 1326 1376 na·

200 1425 295 1488 vium
323 1426 418 1488 unius
444 1425 565 1488 rnensis
589 1426 791 1508 stipendium
818 1426 1085 1504 commemorari,
1110 1426 1208 1490 reicit
1232 1427 1324 1503 Ma„

199 1539 309 1622 „quod
333 1539 417 1602 nihil
441 1539 480 1602 de
503 1540 544 1601 iis
568 1539 710 1603 navibus
732 1557 750 1602 e
770 1538 963 1620 Thucydide
986 1545 1105 1603 notum
1128 1537 1211 1603 est.'’

243 1653 464 1736 sequentibus
494 1653 612 1717 deinde
644 1653 794 1717 versibus
817 1655 1005 1736 complures
1030 1655 1203 1737 pensiones
1227 1655 1325 1719 classi

199 1769 285 1832 circa
313 1767 576 1849 Peloponnesum
602 1769 775 1847 naviganti
800 1768 929 1832 solutae
954 1774 1133 1832 occurrunt
1141 1795 1150 1846 ;
1176 1788 1323 1851 quarum

200 1883 343 1964 primam
380 1882 441 1945 sub
475 1881 662 1963 Pythodoro
700 1881 820 1944 factam
856 1900 925 1945 csse
947 1881 1119 1945 contendit
1144 1882 1237 1960 M.S.,
1263 1883 1326 1947 hoc

200 1994 288 2059 enim
314 2014 402 2058 anno
426 1995 651 2058 Philetaerum
679 1991 889 2071 leonensem,
914 1995 1008 2058 cuius
1031 2013 1153 2058 nomen
1176 2000 1325 2078 exparte

200 2109 367 2191 integrum
392 2109 512 2191 legitur
535 2110 570 2170 in
595 2127 690 2171 versu
718 2109 769 2185 13,
792 2107 892 2171 fuisse
916 2107 1199 2172 Hellenotamiam
1213 2107 1250 2189 4).

247 2222 430 2286 Secundam
455 2222 537 2286 dicit
558 2224 667 2304 prima
690 2222 771 2285 anni
796 2222 998 2303 Euthydemi
1021 2223 1177 2305 prytanis
1199 2223 1325 2286 factam

200 2356 277 2412 esse,
302 2336 597 2418 Hippothontidem
622 2336 711 2399 enim
736 2336 927 2418 prytaniam
953 2336 1035 2398 anni
1058 2336 1240 2417 Pythodori
1260 2337 1326 2400 ini·

180 2451 245 2532 ¹tio
271 2450 335 2531 (vel
362 2450 470 2512 medio
494 2449 594 2532 anno)
619 2449 769 2532 fuissei),
794 2449 974 2512 verisimile
997 2469 1083 2513 csse:
1108 2470 1216 2534 neque
1245 2457 1326 2515 tunc

199 2564 266 2625 iem
300 2562 394 2626 classi
427 2563 514 2626 circa
537 2562 800 2645 Peloponnesum
824 2562 999 2644 naviganti
1022 2543 1197 2646 pecuniam
1222 2565 1326 2646 pendi

199 2677 360 2759 potuisse;
393 2672 687 2759 Hippothontidem
718 2676 830 2758 igitur,
863 2677 959 2740 auius
992 2677 1118 2741 mentio
1150 2677 1185 2739 fit
1210 2697 1243 2742 v.
1272 2679 1326 2758 15,

199 2791 398 2873 Euthydemi
428 2792 508 2854 anni
541 2791 684 2874 primam
714 2790 822 2873 luisse,
848 2791 1008 2873 quoniam
1032 2809 1090 2874 per
1114 2791 1198 2854 hanc
1224 2792 1327 2856 modo

198 2905 387 2987 prytaniam
419 2905 538 2988 (usque
567 2904 607 2967 ad
631 2903 877 2984 Panathenaea)
901 2905 1096 2986 magistratu
1120 2904 1227 2968 etiam
1250 2905 1326 2968 fun·

197 3019 362 3101 gebantur
406 3023 592 3101 quaestores
627 3018 797 3082 Minervae
832 3017 913 3079 anni
949 3016 1175 3098 praecedentis
1181 3042 1190 3095 3
1226 3021 1327 3102 atqui

209 3339 212 3344 ·
234 3329 259 3392 1)
278 3327 358 3381 Thuc.
376 3329 409 3393 11,
426 3326 466 3380 26.

232 3419 258 3485 2)
277 3418 436 3486 „Propterea
455 3417 513 3482 (ait)
532 3417 575 3470 hic
591 3417 760 3470 nominantur
776 3415 993 3478 Hellenotamiae,
1012 3416 1080 3485 quod
1098 3417 1253 3486 quaestores
1271 3419 1328 3473 Mi-

197 3525 300 3573 nervae,
323 3509 390 3562 hano
412 3508 563 3577 pensionem
587 3507 732 3577 Pythodori
748 3523 815 3560 anno
832 3507 867 3560 iis
883 3507 981 3560 factam
999 3521 1064 3572 esse,
1081 3508 1178 3562 iterum
1196 3513 1328 3566 annotare

197 3601 304 3664 vallent,
328 3616 386 3653 cum
403 3599 451 3654 sub
470 3596 635 3668 Euthydemo
654 3614 755 3668 qnoque
772 3598 800 3651 in
818 3598 925 3652 eandem
943 3613 998 3652 rem
1015 3613 1094 3652 noras
1111 3599 1167 3652 fore
1183 3601 1327 3668 pensiones

199 3692 389 3762 expectarent.”
412 3693 483 3758 Quae
501 3691 581 3746 verba
598 3708 648 3746 non
666 3691 800 3760 intellego.

231 3784 341 3853 Supplelt
359 3800 382 3837 v.
399 3784 427 3839 8:
446 3786 502 3851 [τοῦ
518 3782 626 3834 ἐνιαυτοῦ
641 3783 724 3846 ἡμέραι
739 3783 819 3832 λοιποὶ
827 3780 898 3849 ἦσαν]
909 3781 1091 3848 dmasxldemg
1116 3775 1232 3861 ᾼΠΙΙ,
1250 3783 1326 3851 Quae

196 3874 373 3928 incertissima
389 3889 454 3940 esse,
472 3873 581 3943 quisque
599 3872 732 3926 concedet.

230 3967 257 4034 3)
284 3964 400 4019 Eandem
425 3965 459 4019 ob
485 3981 589 4018 causam
616 3964 732 4032 Aeginae
760 3964 921 4018 mentionem
949 3963 982 4029 (B
1001 3980 1025 4017 v.
1044 3965 1070 4031 l)
1088 3964 1248 4019 reiciendam
1266 3983 1324 4022 esse

197 4056 293 4110 iudico.
360 4076 364 4084 ·

230 4151 257 4214 4)
276 4146 378 4202 Nomen
399 4150 426 4202 et
443 4147 627 4217 magistratum
646 4146 777 4215 supplevit
795 4146 858 4200 M.S.
879 4162 909 4200 ex
923 4145 1093 4214 inscriptione
1109 4146 1137 4200 O.
1148 4145 1211 4199 1.Α.
1227 4147 1249 4209 1,
1259 4149 1321 4202 247:

198 4239 241 4290 tri
255 4245 298 4299 τῆς
314 4241 394 4302 τρίτης
412 4241 452 4290 καὶ
470 4240 578 4298 εἰκοστῆς
592 4240 668 4301 ἀρχῆς
736 4240 931 4300 Ἑλληνοταμίας
948 4237 974 4296 ἦν
990 4239 1155 4304 [Φι]λέταιρος
1173 4239 1322 4306 [Thamaris.

232 4333 259 4400 5)
285 4331 316 4385 ld
341 4331 491 4400 probavisse
517 4346 552 4394 se,
579 4331 719 4398 profitetur
735 4329 798 4383 his.
817 4329 969 4392 -iniuria
988 4346 1048 4382 nam
1066 4330 1248 4398 inscriptionis
1266 4333 1323 4386 eius

200 4423 397 4492 explicationem
426 4425 524 4475 certam
550 4438 602 4474 uon
629 4437 693 4484 esse,
719 4436 797 4490 supra
823 4420 934 4474 ostendi.
961 4421 1048 4489 Atque
1076 4421 1099 4473 si
1117 4421 1272 4489 hypothesis
1290 4421 1321 4476 de

199 4513 409 4582 Hippothontide
427 4515 499 4566 recta
516 4528 567 4566 non
584 4514 632 4576 est,
651 4514 709 4566 tota
726 4512 782 4565 eius
800 4512 897 4565 corruit
916 4511 1117 4581 argumentatio.
