3046 5214
772 329 833 391 108

240 515 355 598 Neque
389 516 477 599 quod
513 515 565 579 hic
599 515 750 592 affirmat,
785 514 936 579 Locridos
972 513 1078 578 litoris
1115 513 1299 578 custodiam
1332 518 1368 578 et

241 630 478 712 Aeginetarum
510 630 739 713 expulsionem
771 635 849 693 ante
876 625 1193 712 Peloponnesiorum
1218 629 1366 692 invasio·

240 763 316 807 nem
350 745 451 806 tactas
482 742 598 820 videri,
624 744 709 806 mihi
733 744 906 825 persuasit.
932 741 1042 823 Quid?
1066 761 1176 806 nonne
1200 762 1278 806 cum
1303 743 1367 806 La-

241 858 446 920 cedaemonii
475 857 625 920 adessent
655 863 688 920 et
715 876 807 939 egros
832 862 1010 933 vastarent,
1037 875 1228 939 cognoscere
1253 862 1369 939 potue·

240 976 318 1034 runt
354 970 580 1047 Athenienses,
618 970 769 1034 molestos
804 990 871 1034 esse
903 968 1071 1053 L00r0s1),
1096 989 1171 1033 cum
1198 971 1369 1034 exercitus

242 1085 386 1148 hostium
420 1104 520 1167 prope
543 1083 646 1148 esset?
671 1104 779 1148 nonne
802 1104 878 1148 cum
905 1082 1105 1148 Archidamo
1130 1103 1225 1167 agere
1249 1089 1367 1167 potue·

242 1204 319 1262 runt
343 1198 523 1280 Aeginetae
547 1204 579 1261 et
605 1197 819 1262 Athenienses
842 1199 878 1261 in
902 1205 1066 1280 posterum
1093 1203 1223 1280 tempus
1244 1198 1278 1260 id
1292 1218 1368 1281 pro·

244 1311 356 1376 hibere
381 1310 489 1374 velle?
512 1309 607 1392 Quod
633 1313 702 1395 ipse
726 1312 875 1375 concedit
898 1312 976 1378 M.S.
1001 1332 1032 1395 p.
1059 1313 1131 1376 662.

287 1423 340 1486 An
373 1426 487 1488 omnia
518 1425 710 1508 praevidere
739 1425 926 1490 debuerunt
957 1424 1032 1489 illi?
1062 1426 1106 1489 At
1130 1446 1188 1490 cur
1212 1431 1283 1510 post
1309 1429 1369 1493 ho·

242 1539 342 1603 stium
375 1539 510 1602 demum
542 1540 716 1603 discessum
741 1537 883 1619 Φολακοὶς
903 1537 1123 1612 κατεστήσαντο
1148 1538 1206 1622 (ΙΙ,
1232 1543 1284 1619 24,
1314 1541 1371 1625 1)?

242 1653 311 1718 Cur
332 1673 398 1716 non
418 1653 525 1735 primo
546 1673 633 1716 anno
653 1650 864 1737 Naupactum
879 1672 981 1717 naves
994 1655 1158 1717 miserunt
1172 1651 1228 1735 (ΙΙ,
1244 1655 1296 1733 69,
1314 1654 1372 1736 1)?

243 1766 311 1831 Cur
341 1774 413 1850 post
437 1768 590 1830 Brasidae
612 1768 746 1831 demum
771 1773 927 1831 conatum
952 1768 1060 1832 Piraei
1084 1773 1216 1850 portum
1242 1769 1371 1834 clause·

243 1885 322 1943 runt
344 1877 400 1961 (11,
426 1882 477 1957 94,
502 1879 557 1964 th?

288 1991 339 2059 Ne
372 1994 588 2059 Athenienses
616 1995 761 2077 quidem,
787 1996 913 2078 opinor,
938 1995 1074 2078 perfecti
1100 1995 1234 2060 fuerunt
1259 1997 1369 2061 homi·

245 2126 312 2185 nes,
339 2110 394 2172 sed
419 2109 470 2171 illi
495 2128 625 2191 quoque
648 2107 781 2172 fortuna
804 2110 940 2172 adversa
965 2109 1071 2172 multa
1094 2108 1291 2173 didicerunt.

288 2223 462 2286 Praeterea
486 2224 514 2285 si
538 2223 755 2304 Thucydides,
780 2224 868 2306 quod
893 2224 1048 2305 opinatur
1073 2223 1370 2299 M.S.,eoc0nsilio

244 2356 328 2418 quae
352 2341 430 2398 aute
455 2337 642 2399 factasunt
666 2337 801 2414 addidit,
828 2342 863 2400 ut
885 2337 963 2401 inde
987 2337 1029 2399 ad
1052 2356 1199 2419 pugnam
1225 2337 1266 2399 ad
1287 2337 1370 2402 Alo-

244 2469 306 2532 pen
331 2451 549 2513 enarrandam
573 2452 663 2514 ficret
689 2452 856 2528 transitus,
888 2471 945 2514 cur
973 2451 1101 2533 scripsit
1126 2449 1180 2513 ὑτὸ
1205 2450 1253 2514 τὸν
1276 2451 1369 2515 αὐτὸν

244 2562 365 2642 χρόνονΡ
388 2562 456 2626 Cur
480 2584 544 2628 non
569 2565 695 2646 potius:
720 2565 861 2640 „Paullo
881 2570 958 2628 ante
980 2566 1139 2628 miserant
1159 2563 1265 2628 cet.”?
1284 2563 1369 2645 Cur,

245 2679 273 2739 si
305 2677 482 2760 Aeginetae
512 2684 584 2762 post
614 2679 849 2761 Spartanorum
882 2680 922 2743 de
946 2679 1073 2742 insulae
1096 2677 1257 2761 αὐτονομίᾳ
1280 2679 1369 2763 lega·

246 2791 370 2853 tionem
407 2789 442 2875 (i.
457 2811 484 2855 e.
512 2792 625 2873 paullo
649 2797 720 2874 post
742 2793 885 2875 Lenaea)
911 2792 1110 2875 expulerunt
1139 2793 1368 2872 Athenienses,

245 2925 311 2968 non
338 2910 416 2968 tunc
440 2907 550 2968 statim
576 2907 623 2970 rei
649 2907 852 2970 mentionem
877 2904 975 2969 lecit?

292 3017 360 3082 Cur
396 3016 529 3100 eclipsin
564 3019 634 3082 sine
670 3019 741 3081 ulla
772 3038 870 3082 causa
900 3019 952 3082 hic
976 3017 1272 3084 commemoravit?
1296 3018 1370 3084 Our
1448 3086 1451 3090 ,

213 3121 215 3126 ’
246 3133 471 3197 narrationem
507 3133 547 3196 de
581 3133 676 3197 classi
707 3139 743 3212 τῇ
767 3130 831 3213 περὶ
855 3131 1070 3206 Πελοπόννησον
1093 3134 1128 3195 in
1152 3133 1232 3196 dues
1254 3139 1368 3216 partes

246 3247 385 3324 discidit,
410 3247 475 3308 nisi
499 3265 548 3309 res
571 3247 685 3310 eodem
713 3253 859 3329 tempore
882 3248 983 3311 factas
1007 3247 1151 3311 inserere
1174 3245 1296 3310 vellet?

290 3360 438 3423 Profecto
474 3360 604 3424 difficile
639 3366 686 3424 cst
722 3361 892 3424 hominem
929 3358 1073 3442 aliquem
1110 3379 1302 3442 cognoscere
1335 3366 1371 3426 et

247 3474 344 3555 louge
368 3472 601 3537 difficillimum
625 3475 793 3538 hominem
818 3481 895 3536 ante
916 3473 1368 3554 multasaeculamortuum,

247 3590 341 3652 cuius
365 3607 471 3652 mores
495 3607 512 3652 e
535 3589 664 3670 scriptis
686 3588 764 3652 solis
787 3593 976 3670 appareant,
1001 3593 1149 3651 attamen
1174 3607 1241 3651 uon
1261 3589 1369 3653 talem

247 3702 347 3765 luisse
378 3702 615 3783 Thucydidem,
647 3702 782 3784 qualem
815 3699 895 3764 Mc.
926 3701 1079 3765 hocloco
1103 3720 1180 3765 eum
1206 3701 1369 3784 depinxit,

248 3817 420 3880 hominem
455 3835 536 3878 sena
571 3821 682 3879 mente
716 3821 882 3879 carentem
919 3816 1077 3896 omnique
1112 3815 1236 3898 logicae
1267 3834 1369 3879 sensu

248 3931 377 4007 orbum,
410 3930 445 3991 id
476 3949 517 3992 ex
549 3930 662 3992 multis
693 3930 799 4011 operis
829 3928 901 3992 eius
931 3929 1081 4010 partibus
1109 3934 1142 3992 et
1164 3928 1327 4010 imprimis
1352 3949 1371 3994 e

247 4044 381 4127 prologo
414 4044 600 4107 luculenter
631 4049 768 4126 apparet
795 4047 829 4106 et
852 4047 962 4106 nostro
986 4043 1059 4106 iure
1083 4042 1242 4106 Muellero
1265 4043 1369 4107 obici-

249 4176 333 4235 mus,
366 4157 447 4219 talia
476 4176 497 4220 a
527 4157 719 4238 Thucydide
750 4155 951 4239 expectanda
973 4175 1040 4219 nou
1064 4175 1142 4219 esse.
1166 4154 1282 4239 Neque
1306 4157 1370 4220 ali·

284 4527 310 4593 1>
327 4524 367 4580 uf.
385 4524 465 4579 uuae.
483 4525 515 4591 u,
532 4524 573 4578 aa.
