3046 5214
723 328 786 391 104

195 524 265 582 tum
299 519 364 580 iarn
400 518 577 594 defecisset,
609 517 722 580 statim
757 516 905 581 Athenas
935 517 1092 582 nuntium
1121 517 1224 596 misit,
1250 518 1328 601 ipse

197 637 309 694 tamen
352 632 385 693 in
428 629 653 694 Macedoniam
690 630 843 712 perrexit.
878 629 1010 694 Interea
1046 629 1326 694 Potidaeatarum

196 745 297 826 legati
323 742 514 820 Corinthiis,
537 749 572 806 nt
592 743 755 806 auxilium
778 743 957 821 mitterent,
978 750 1224 826 persuaserunt,
1238 765 1326 828 quo-

196 880 268 922 rum
298 859 380 921 1100
408 859 529 921 milites
554 858 680 921 Aristeu
705 857 786 922 duce
810 860 849 920 40
875 858 991 922 diebus
1013 864 1086 941 post
1098 860 1134 921 in
1147 859 1326 923 coloniam

196 972 403 1036 advenerunt
435 973 474 1052 (c.
499 971 565 1052 60).
594 971 810 1036 Athenienses
832 979 942 1036 autem
967 971 1172 1036 Archestrati
1196 975 1327 1039 nuntio

195 1085 307 1148 auditu
344 1086 385 1146 40
424 1085 562 1147 navium
595 1083 730 1148 classem
757 1085 895 1148 mittunt
919 1122 960 1130 -
985 1104 1052 1149 nou
1075 1086 1190 1148 statim
1216 1086 1326 1168 (quod

195 1197 282 1261 male
316 1198 423 1261 effecit
459 1195 539 1260 Ms.
574 1216 615 1260 ex
650 1197 808 1262 adverbio
839 1195 931 1275 80108,
963 1217 1042 1261 num
1073 1198 1260 1264 denuntio
1288 1200 1326 1264 id

195 1310 319 1374 dictum
352 1313 423 1393 881),
455 1311 510 1374 880
543 1310 580 1380 ὥς
611 1307 802 1391 )1808888881
826 1310 892 1382 τοὺς
916 1310 985 1387 μετ’
1011 1308 1166 1391 Ἀριστέως
1191 1312 1324 1393 ἐπιπαρ-

195 1421 291 1495 u'sruc
327 1424 380 1487 vel
414 1421 609 1502 trenupdrrus
639 1424 677 1506 (c.
712 1425 763 1501 01,
798 1425 845 1505 1);
876 1444 960 1508 qnae
991 1426 1092 1490 verba
1124 1426 1217 1504 M.S.,
1240 1447 1321 1491 cum

195 1537 360 1620 explicare
384 1556 451 1601 non
477 1538 586 1619 possit,
610 1537 681 1601 sine
705 1537 774 1601 ulla
797 1539 885 1601 iusta
908 1557 1008 1602 causa
1031 1538 1129 1604 delet.

239 1648 373 1732 Optime
398 1669 475 1714 vero
498 1651 656 1714 convenit
678 1669 741 1713 sex·
759 1652 1019 1734 septimanarum
1045 1652 1203 1734 spatium,
1230 1654 1320 1737 qnod

196 1766 284 1828 inter
315 1765 398 1827 duas
429 1765 599 1846 pensiones
629 1764 813 1840 intercedit,
838 1785 913 1829 cnm
939 1766 979 1826 All
1005 1765 1120 1830 diebus
1144 1766 1222 1843 illis,
1246 1769 1320 1850 qui·

198 1880 259 1942 bus
290 1898 371 1960 opus
403 1879 465 1941 luit
493 1876 675 1942 Corinthiis
698 1879 739 1941 ad
763 1879 889 1942 auxilia
912 1879 1029 1943 cienda
1043 1879 1078 1962 1).
1103 1877 1223 1963 Neque
1246 1879 1322 1945 Oel-

198 1992 258 2055 lias
287 1993 399 2055 stetim
432 1997 548 2056 contra
579 1992 771 2055 Potidaeaiu
794 2011 828 2056 se
853 1994 963 2070 vertit,
987 1993 1043 2056 880
1067 1994 1216 2077 primum
1241 2015 1319 2058 curn

197 2105 406 2170 Archestrato
437 2125 471 2169 se
502 2107 623 2182 iunxit,
654 2107 787 2187 quicum
817 2103 978 2170 iuvenum
1003 2107 1155 2188 Pydnam
1180 2108 1319 2187 obsedit,

197 2219 231 2282 id
267 2239 376 2301 agens,
412 2225 449 2282 nt
481 2219 651 2283 Perdiccas
680 2238 796 2302 paoem
820 2220 968 2303 accipere
992 2226 1173 2304 cogeretur,
1198 2222 1318 2288 deinde

196 2338 285 2397 terre
311 2333 502 2397 Potidaesm
528 2335 592 2397 iter
614 2335 701 2399 18811.

240 2447 285 2510 At
308 2447 473 2510 festinatio
497 2467 536 2510 ea
560 2449 647 2511 unde
670 2447 826 2531 apparet?
848 2447 980 2529 Quanto
1001 2447 1129 2532 longius
1142 2451 1235 2514 enirn
1248 2458 1320 2521 erat

199 2561 263 2624 iter
294 2564 453 2635 terrestre,
487 2580 587 2642 quarn
619 2563 646 2622 si
670 2563 812 2625 navibus
837 2563 1049 2639 traiecisseut,
1073 2582 1149 2626 cum
1173 2583 1322 2646 presser-

196 2674 256 2736 tim
293 2672 361 2736 888
396 2672 492 2750 ὀλίγον
529 2671 670 2754 προϊόντες
705 2679 743 2757 (u.
777 2675 828 2753 61,
854 2676 884 2758 5)
909 2677 943 2739 10
966 2677 1119 2740 fecerint!
1146 2676 1259 2760 Atque
1283 2681 1321 2757 si,

177 2789 285 2871 'quod
317 2807 383 2852 non
414 2788 493 2850 88118
520 2790 653 2853 firmum
669 2789 693 2872 2)
718 2766 751 2852 88
775 2808 843 2853 8888
865 2795 1007 2873 putaret,
1029 2811 1104 2854 cum
1129 2793 1247 2856 ueteris
1272 2814 1325 2859 88-

196 2903 260 2984 piis
289 2902 427 2984 iungere
456 2920 490 2964 88
526 2902 647 2965 maluit
677 2901 812 2980 Gallias,
844 2923 903 2967 eur
930 2923 995 2967 non
1020 2905 1133 2967 statim
1157 2906 1325 2972 maiorem

198 3016 359 3078 miserunt
382 3015 517 3078 classem
544 3014 781 3079 Athenienses?

242 3127 374 3193 incerta
405 3129 507 3210 igitur
537 3135 615 3192 sunt
646 3149 694 3208 ea,
728 3149 811 3214 quae
844 3131 1013 3214 hucusque
1041 3151 1082 3195 ex
1104 3133 1327 3216 inscriptione

197 3243 345 3326 graviter
381 3241 533 3304 mutilata
569 3242 674 3305 effecit
709 3241 800 3320 M.S.,
837 3263 1027 3327 quanquam
1062 3245 1131 3328 ipse
1167 3247 1209 3309 iis
1242 3249 1327 3313 sutis

197 3356 279 3419 fidit.
312 3354 446 3437 Scripsit
477 3355 568 3418 enim
596 3374 627 3437 p.
653 3357 734 3418 606:
761 3357 957 3432 „Kirchhoff
974 3377 1106 3442 quoque
1130 3378 1240 3422 meam
1268 3363 1328 3426 ad·

199 3470 341 3532 misisset
364 3469 683 3551 interpretationem,
709 3471 772 3532 nisi
797 3489 872 3533 eum
897 3472 1120 3554 prohibuisset
1141 3491 1256 3555 pugna
1282 3476 1328 3539 80

198 3583 401 3660 Potidaeam,
433 3602 518 3664 quae
550 3581 601 3645 illi
632 3581 767 3648 Octobri
801 3603 912 3648 mense
935 3585 1020 3648 18818
1044 3605 1111 3649 esse
1135 3587 1328 3654 videatur.”

102 3740 104 3746 .
199 3694 247 3760 De
272 3715 337 3779 quo
359 3715 472 3779 pugna
496 3696 571 3759 vide
594 3695 743 3762 inferius.

243 3808 333 3873 Inter
357 3810 439 3873 dues
464 3815 575 3875 autern
601 3811 826 3894 inscriptionis
851 3819 960 3894 partes
983 3832 1089 3896 pauca
1114 3817 1247 3878 tontum
1274 3817 1327 3880 in·

234 4055 259 4122 l)
285 4053 341 4108 Hoc
368 4070 398 4107 8ο
423 4057 527 4107 tantum
545 4054 653 4107 consilio
672 4055 772 4123 scripsi,
790 4056 821 4108 nt
838 4055 904 4109 falsa
921 4056 1148 4125 argumentatione
1165 4056 1326 4114 Muellerum

199 4161 275 4199 nsum
300 4161 366 4208 esse,
392 4145 566 4199 ostenderem.
590 4145 631 4200 uf.
655 4145 687 4199 de
709 4146 888 4214 inscriptionis
910 4146 988 4200 huius
1012 4147 1230 4215 interpretatione
1255 4149 1329 4205 intra

217 4277 223 4290 .
243 4239 299 4291 112.

198 4254 259 4393 pt)
286 4330 324 4383 At
350 4332 441 4383 contre
465 4329 570 4382 Samum
594 4343 695 4397 quoque
712 4331 745 4382 44
762 4329 839 4383 modo
857 4329 967 4384 navibus
985 4347 1046 4384 usus
1064 4333 1106 4385 est
1122 4331 1246 4396 Pericles,
1265 4299 1326 4389 cum

199 4423 301 4475 ceterae
326 4419 503 4474 Phoenicibus
526 4419 629 4473 obviam
648 4420 742 4474 missus
760 4423 848 4475 essent
867 4421 958 4488 (Thus.
976 4421 997 4484 l,
1016 4424 1089 4490 116);
1108 4439 1192 4493 neque
1208 4425 1325 4481 Lesbum

199 4512 282 4566 maior
299 4513 433 4582 navigavit
451 4511 542 4566 8188818
551 4511 654 4578 1Το88.
671 4513 716 4577 ΙΙΙ,
733 4512 756 4578 3,
776 4513 812 4580 2).
