3328 5396
745 450 805 512 105

208 639 374 703 tercidisse
406 639 566 703 Muellero
598 638 761 716 videntur,
794 638 883 720 quod
913 635 979 700 iam
1011 636 1119 720 plures
1149 637 1332 700 habeamus

168 773 173 780 ·
209 753 390 836 pensiones,
426 773 526 836 quam
564 750 765 834 Thucydidis
799 751 926 816 auxilio
962 751 1126 834 explicare
1158 749 1330 832 possimus.

208 863 305 947 Quod
341 873 576 950 argumentum
612 886 695 929 num
731 867 864 928 firmum
897 866 951 942 sit,
976 865 1192 927 vehementer
1216 863 1331 927 dubito

208 982 241 1042 et
263 980 393 1062 aliquid
417 981 447 1044 ei
471 981 625 1045 tribuisse
650 979 861 1058 Muellerum,
885 997 1093 1060 summopere
1118 977 1228 1040 miror.

253 1091 421 1156 Secundae
456 1099 568 1157 autem
604 1094 707 1176 partis
741 1093 888 1175 primum
924 1109 1057 1154 versum
1090 1091 1138 1154 ita
1169 1090 1331 1154 restituit:

211 1201 273 1288 [ἐπὶ
296 1205 367 1288 spic
390 1203 564 1289 Α[ἰοννπίδος
587 1225 611 1268 s.
636 1203 877 1288 Ἀκαμαντίδος]
902 1209 960 1268 aut
982 1204 1092 1287 potius
1114 1203 1143 1275 ἐς
1167 1199 1334 1287 Α[ἵγονοον],

210 1319 259 1396 „si
286 1320 385 1384 tertia
408 1321 541 1402 quidem
567 1319 664 1383 litera
688 1319 717 1380 A
742 1318 820 1384 est.”
846 1319 937 1382 Haec
960 1323 1072 1382 autem
1097 1316 1207 1381 classis
1231 1319 1332 1382 Mucl-

207 1433 276 1504 lero
320 1435 428 1512 missa¹
464 1453 532 1498 esse
567 1434 712 1512 videtur,
750 1439 787 1496 ut
822 1431 950 1496 incolae
986 1432 1095 1495 insula
1133 1431 1335 1514 pellerentur

211 1545 327 1628 (Thuc.
352 1544 395 1624 II,
423 1546 488 1630 27).

234 1660 373 1725 Pensio
406 1660 522 1725 deinde
551 1682 582 1726 v.
609 1663 627 1723 3
652 1658 701 1724 ἐπὶ
725 1651 778 1732 τῆς
803 1657 1023 1732 Ἱπποθωντίδος
1048 1657 1222 1739 πρυτανείοις
1245 1660 1356 1723 facta.

211 1793 277 1856 quo
301 1774 475 1855 pertineat,
500 1775 629 1858 ignorat
637 1800 646 1852 ;
670 1794 750 1837 uam
776 1794 888 1839 versus
913 1775 931 1836 5
957 1781 990 1839 et
1015 1776 1032 1836 6
1057 1775 1098 1837 ad
1121 1774 1332 1837 Phormionis

210 1887 390 1950 exercitum
416 1893 562 1971 spectare
586 1889 616 1952 ei
640 1889 805 1966 videntur,
830 1908 937 1971 neque
960 1888 1047 1951 alins
1068 1888 1333 1951 exercitusmen·

214 2000 338 2062 tionem
373 2001 451 2064 facit
483 2001 702 2083 Thucydides.
727 1998 814 2066 Huic
839 2007 956 2066 octava
978 2001 1133 2085 prytanin
1156 2001 1334 2084 pecuniam

216 2113 358 2176 solutam
393 2133 460 2178 esse
496 2121 614 2193 censet,
649 2121 722 2198 post
758 2117 919 2198 Dionysia
943 2117 1033 2179 enim
1059 2116 1241 2200 protectum
1267 2133 1335 2177 esse

211 2245 287 2290 eum
323 2227 439 2306 videri,
464 2248 535 2291 cum
560 2223 631 2312 post
654 2249 801 2312 pugnam
825 2230 866 2293 ad
889 2231 1079 2319 Potidaeam
1104 2225 1196 2309 χρόνῳ
1221 2224 1335 2306 ὕστερον

210 2341 337 2406 auxilio
374 2361 449 2406 eum
487 2343 624 2406 missum
660 2363 728 2407 esse
765 2344 872 2407 tradat
907 2343 1115 2426 Thucydides
1141 2343 1179 2424 (c.
1207 2344 1258 2420 ct,
1286 2343 1335 2423 2);

211 2455 296 2518 hauc
325 2476 469 2539 pugnam
502 2476 558 2520 sex
586 2457 752 2521 mensibus
784 2463 863 2521 ante
885 2458 1096 2522 Plataearum
1121 2458 1334 2540 expugnatio·

210 2588 287 2632 nem
326 2567 373 2649 (1⁰
407 2569 510 2653 Iunii)
547 2567 668 2634 factam
705 2591 782 2648 esse,
813 2573 835 2634 i.
850 2591 878 2636 e.
911 2591 1023 2635 mense
1054 2572 1229 2634 Decembri
1252 2571 1348 2644 anni¹

211 2681 327 2766 4321),
355 2683 590 2748 Phormionem
624 2689 737 2748 autem
762 2685 889 2749 duobus
912 2686 1045 2749 fortasse
1070 2686 1238 2749 mensibus
1263 2691 1335 2767 post

211 2796 349 2860 missum
373 2816 450 2861 esse.
475 2797 565 2862 Haec
589 2819 662 2863 cum
687 2800 771 2882 lego,
793 2801 849 2864 vix
868 2801 971 2864 oculis
993 2801 1074 2864 meis
1095 2801 1201 2864 credo.
1225 2797 1335 2880 Quid?

211 2929 308 2992 supra
340 2930 371 2992 p.
406 2913 467 2974 599
502 2909 580 2975 Ma.
612 2913 758 2995 scripsit:
783 2914 975 2990 „vielleicht
1000 2914 1083 2977 wird
1107 2914 1251 2978 dadurch
1279 2913 1333 2994 (sc.

216 3007 433 3107 inquisitione
466 3027 502 3089 in
537 3025 798 3112 inscriptionem)
833 3028 981 3110 augleich
1015 3033 1118 3091 etwas
1149 3047 1333 3111 gewonuen

210 3138 264 3200 fiir
298 3139 351 3202 die
386 3139 606 3205 urkundlichc
637 3141 842 3224 feststelluug
873 3142 929 3204 des
953 3147 1094 3216 monats,
1119 3141 1156 3203 in
1180 3143 1255 3205 dem
1283 3142 1336 3206 dic

213 3251 357 3316 schlacht
389 3254 443 3317 bei
473 3254 910 3338 Poteidaiageliefertist,''
934 3261 1019 3338 etp.
1046 3256 1125 3318 592:
1154 3256 1222 3332 „im
1247 3256 1334 3319 sech-

211 3369 282 3428 sten
318 3372 434 3429 monat
470 3368 552 3431 nach
585 3369 642 3432 der
674 3368 819 3432 schlacht
844 3388 910 3431 von
933 3369 1122 3432 Poteidaia:
1148 3369 1221 3432 dass
1248 3370 1336 3433 dicse

212 3477 309 3542 letzte
339 3479 429 3542 notin
444 3528 451 3544 .
466 3529 473 3544 .
489 3526 521 3542 ..
555 3481 743 3562 unmh'glich
774 3481 894 3563 richtig
924 3481 994 3544 sein
1019 3481 1120 3564 kann,
1146 3482 1255 3545 werde
1282 3482 1336 3545 ich

214 3591 328 3655 weiter
353 3599 458 3656 unten
484 3592 629 3676 zcigen.”
654 3595 696 3656 Et
714 3614 804 3658 nuuc
827 3594 887 3656 illa
906 3595 978 3677 ipsa
997 3596 1219 3670 annotatione,
1233 3614 1334 3677 quam

211 3704 328 3768 falsam
361 3725 428 3770 esse
461 3707 765 3771 demonstraturum
799 3726 833 3771 se
865 3708 959 3772 modo
992 3709 1154 3790 promisit,
1188 3714 1224 3772 ut
1247 3717 1334 3772 certo

214 3821 353 3886 certiore
376 3823 482 3886 utitur
506 3823 547 3900 ad
571 3823 794 3908 inscriptionis
817 3823 921 3906 ipsius
945 3827 1072 3906 partem
1086 3822 1335 3906 explicandam!

215 3934 293 3999 Siue
319 3935 385 3998 ullo
409 3936 512 4019 igitur
535 3936 639 4001 fulcro
664 3955 731 4000 esse
755 3937 953 4020 hypothesin
978 3937 1018 4000 de
1042 3936 1244 4000 Phormione
1265 3942 1337 4019 post

215 4044 374 4130 Dionysia
409 4047 515 4128 misso,
551 4051 620 4112 iam
654 4055 762 4133 patet:
797 4049 969 4114 ferendam
1002 4069 1076 4114 eam
1111 4069 1178 4114 non
1216 4069 1337 4130 essee

215 4163 426 4245 sequentibus
451 4164 634 4246 apparebit.

259 4275 382 4339 Versus
415 4281 527 4340 autem
566 4277 581 4341 t
617 4282 649 4341 et
686 4279 712 4366 8Ι
741 4278 782 4340 ad
816 4279 955 4361 triginta
993 4275 1187 4361 Cleopompi
1223 4297 1334 4356 naves,

217 4491 363 4504 ——n-

250 4631 275 4696 l)
294 4629 458 4700 Typothctae'
476 4645 564 4685 errore
579 4630 678 4700 legitur
695 4631 752 4684 431.
