3046 5214
724 1678 792 1751 XI.

242 1926 290 1989 De
315 1924 459 2006 Corcyra
483 1924 607 2005 (Fleok.
632 1922 747 1988 Jahrb.
773 1944 803 2006 p.
830 1925 1027 2008 585-648).

240 2136 362 2200 Eodem
397 2137 504 2213 modo,
532 2137 655 2219 quoin
681 2137 894 2200 Plataearum
920 2135 1100 2200 obsidionis
1124 2136 1322 2200 narratione

197 2250 402 2315 difficultates
437 2251 558 2315 multas
590 2253 694 2316 inesse
724 2251 869 2315 ostendit
891 2250 981 2326 M.S.,
1006 2248 1226 2334 explicatione
1252 2269 1321 2312 non

196 2365 368 2442 tollendas,
390 2363 423 2426 in
436 2363 696 2447 Corcyraeorum
710 2384 841 2447 quoque
856 2364 988 2428 historia
999 2363 1168 2446 permulta
1180 2363 1322 2440 detexit,

197 2497 281 2560 quae
305 2479 458 2555 lectorem
485 2479 645 2543 offendere
674 2479 803 2542 debent.

240 2590 280 2654 In
315 2610 401 2672 quae
437 2592 549 2674 paullo
585 2593 770 2656 accuratius
800 2591 967 2673 inquirere
999 2589 1083 2668 volo,
1108 2590 1197 2672 quod
1222 2591 1322 2656 solito

197 2724 255 2769 suo
279 2705 361 2768 vitio
387 2706 438 2768 hio
463 2704 591 2769 laborat
615 2706 693 2769 M.S.
715 2704 800 2768 Nam
820 2706 856 2767 in
878 2705 938 2768 hac
950 2723 1080 2786 quoque
1092 2705 1321 2785 disputatione

196 2837 328 2880 summa
362 2819 538 2901 sagacitate
568 2819 610 2880 ad
640 2821 867 2882 necessitatem
901 2837 952 2882 res
984 2815 1119 2881 traditas
1142 2817 1339 2882 demensus·

197 2936 256 3008 est,
291 2950 397 3012 neque
431 2931 516 2993 nihil
553 2932 668 3009 effecit,
703 2931 758 2994 sed
790 2936 911 2995 eventu
943 2931 1039 3013 quasi
1071 2929 1186 3008 elatus,
1212 2931 1322 2992 nimia

196 3046 406 3109 festinatione
441 3065 458 3109 e
493 3046 606 3126 paucis
637 3043 761 3124 ἑρμαίοις
794 3045 989 3126 hypothesin
1025 3043 1219 3119 construxit,
1253 3061 1322 3126 qua

198 3158 314 3222 deinde
339 3163 375 3220 ut
399 3165 487 3222 certo
512 3159 650 3222 certiore
676 3178 754 3221 usus
779 3168 835 3224 est.

240 3272 304 3335 Tot
328 3278 440 3335 autem
465 3291 516 3335 res
538 3272 736 3335 Muellerum
762 3273 977 3349 offenderunt,
1003 3276 1040 3334 ut
1063 3289 1171 3352 neque
1191 3290 1321 3336 excon-

198 3389 305 3448 textus
340 3386 550 3466 corruptione
584 3385 749 3465 explicare
784 3405 838 3448 eas
869 3385 1024 3468 potuerit,
1057 3403 1165 3466 neque
1201 3386 1320 3449 manui

197 3498 437 3580 interpolatoris
457 3499 508 3560 sui
528 3483 734 3579 sanguinarii
752 3499 898 3561 tribuere
908 3523 916 3573 ;
930 3516 1045 3560 verum
1060 3494 1321 3560 Wilamowitzii

198 3611 353 3674 editorem
370 3611 392 3692 1)
413 3611 542 3674 auxilio
555 3630 672 3674 vocare
685 3611 799 3675 debuit
807 3637 816 3689 3
829 3611 868 3674 de
880 3630 946 3694 quo
958 3617 1071 3693 postea
1082 3629 1189 3693 pauca
1200 3611 1320 3675 dicam.

242 3723 393 3786 Primum
420 3724 601 3800 videamus,
625 3742 708 3805 quas
731 3723 909 3806 reppererit
931 3723 1138 3787 difficultates
1162 3725 1197 3785 in
1225 3724 1322 3788 libris

198 3836 224 3914 Ι,
250 3836 310 3911 ΙΙΙ,
334 3836 392 3898 IV.

242 3950 358 4033 Negat,
386 3951 541 4014 credibile
566 3970 643 4028 esse,
668 3948 834 4013 auxilium
858 3969 878 4012 a
898 3948 1080 4013 Corinthiis
1091 3949 1320 4032 Epidamnum

200 4063 334 4128 missum
360 4062 434 4144 πεζῇ
460 4064 672 4146 Apolloniam
699 4065 763 4127 iter
785 4054 896 4127 fecisse
918 4061 958 4145 (I,
978 4065 1030 4142 26,
1053 4064 1101 4145 2);
1122 4068 1154 4126 et
1167 4064 1320 4140 miratur,

197 4179 361 4261 quomodo
396 4178 608 4260 optimatium
644 4177 826 4240 exereitum
863 4177 977 4240 urbem
1011 4177 1215 4241 obsidentem
1251 4198 1319 4261 per·

231 4486 258 4550 1)
275 4484 316 4539 Cf.
334 4484 394 4538 Cur.
413 4483 493 4536 Thuc.
511 4498 535 4550 p.
554 4485 592 4536 17.
