3046 5214
703 1719 811 1794 VIII.

240 1971 289 2034 De
312 1968 515 2051 Thucydidis
536 1987 634 2051 opere
658 1968 816 2051 (eiusdem
840 1968 916 2033 libri
939 1988 971 2051 p.
997 1969 1152 2053 42-56).

240 2182 321 2245 us.
344 2181 386 2243 iis
408 2179 681 2243 annumerandus
704 2183 761 2256 est,
784 2179 842 2261 qui
867 2177 945 2242 belli
966 2177 1191 2242 Archidamioi
1204 2199 1320 2243 narra·

197 2296 322 2359 tionem
359 2294 536 2377 separatim
574 2293 696 2356 editam
731 2311 798 2355 esse
829 2292 1021 2375 opinantur,
1052 2297 1165 2374 postea
1204 2298 1319 2357 tamen

195 2409 360 2491 sequentis
384 2407 465 2471 belli
486 2406 738 2488 descriptionem
760 2405 920 2469 addidisse
941 2405 1166 2488 Thucydidem
1180 2410 1213 2470 et
1225 2425 1322 2491 prop·

198 2528 287 2587 terea
309 2520 451 2606 priorem
476 2525 605 2604 partem
635 2519 872 2584 retractavisse.

240 2637 282 2700 ut
305 2655 436 2720 prorsus
458 2635 489 2699 ei
508 2633 669 2698 assentior
688 2634 731 2696 ob
750 2652 875 2710 causas,
894 2652 977 2716 quas
997 2635 1207 2726 enumeravit
1218 2654 1251 2718 p.
1265 2636 1319 2700 43.

240 2749 331 2814 Bello
354 2753 465 2812 autem
491 2747 719 2811 Archidamico
744 2747 848 2824 finito,
872 2747 894 2810 i.
908 2766 936 2811 e.
957 2747 1072 2829 aliquo
1084 2750 1234 2830 tempore
1248 2755 1321 2832 post

197 2885 325 2930 annum
350 2865 424 2940 421,
447 2864 570 2927 librum
595 2882 693 2925 suum
718 2862 946 2944 Thucydidem
971 2862 1108 2925 edidisse
1132 2862 1320 2927 arbitratur

198 2978 293 3056 M.S.;
318 2997 447 3060 nempe,
473 2977 535 3039 etsi
559 2995 672 3059 paoem
698 2995 770 3040 eam
795 2995 860 3039 non
882 2981 1050 3040 aeternam
1064 2975 1133 3039 fore
1146 2981 1322 3059 expectare

197 3096 314 3176 posset,
336 3091 465 3154 nullam
491 3103 603 3153 tamen
629 3090 727 3153 fuisse
750 3109 894 3168 causam,
920 3110 979 3154 our
1001 3091 1106 3173 operis
1128 3090 1180 3152 sui
1204 3089 1320 3156 editio·

198 3225 276 3270 nem
300 3205 335 3266 in
362 3208 491 3287 tempus
511 3204 676 3266 incertum
699 3203 842 3267 differret
852 3229 861 3281 ;
874 3203 941 3267 imo
954 3203 1092 3267 omnino
1106 3208 1205 3286 negat
1218 3205 1322 3268 credi·

199 3317 267 3381 bile
290 3317 324 3380 id
348 3336 416 3380 esse
429 3315 463 3397 1).

244 3429 311 3494 Cur
334 3426 373 3507 V,
401 3431 452 3508 26,
476 3430 562 3512 quod
586 3429 756 3512 sequentia
779 3448 910 3513 quoque
928 3427 1009 3493 κατὰ
1029 3428 1088 3510 θέρη
1102 3427 1153 3494 aa>
1165 3435 1323 3510 χειμῶνας

200 3543 412 3627 descripserit,
434 3562 468 3606 se
488 3543 581 3625 quasi
604 3544 774 3606 excusavit
794 3549 919 3621 auctor,
940 3545 966 3606 si
988 3545 1029 3608 ad
1043 3565 1147 3608 unum
1163 3547 1323 3610 eundem·

200 3677 263 3741 que
294 3656 422 3720 librum
446 3659 526 3722 haec
549 3658 625 3721 inde
650 3658 693 3720 ab
716 3658 813 3721 initio
838 3657 1072 3741 pertinebant?
1097 3658 1193 3722 Unde
1217 3679 1322 3743 grave

199 3771 285 3834 illud
308 3769 506 3835 exordium?

245 3884 432 3968 Respondet
467 3882 561 3948 Stahl
592 3885 627 3946 in
659 3886 730 3948 vita
760 3885 961 3968 Thucydidis
974 3883 1015 3966 ⁹):
1040 3905 1137 3963 „curn
1166 3889 1322 3952 nonnulli

200 3998 266 4062 duo
290 3999 388 4061 fuisse
412 3998 501 4062 bella
523 4002 688 4082 putarent,
713 3999 829 4063 fallace
849 4018 929 4082 pace
950 4005 1111 4084 separata,
1131 4001 1217 4062 nihil
1230 4001 1322 4066 aliud

235 4307 260 4369 l)
278 4303 362 4358 Vocat
379 4303 449 4358 euim
465 4302 540 4365 „eins
556 4299 768 4371 psychologische
783 4297 1141 4372 Unwahrscheinlichkcit,j'a
1151 4303 1322 4372 Unmoglich·

200 4397 280 4451 keit.”
299 4412 324 4464 p.
342 4396 382 4450 50.

234 4486 338 4556 ovid.
354 4486 382 4540 in
400 4486 532 4553 prooemio
549 4485 673 4541 editionis
692 4483 865 4550 Herwsrdeni,
883 4485 905 4548 l,
923 4501 948 4553 p.
965 4485 1005 4539 26.
