3046 5214
744 351 785 411 ol

199 524 425 613 Athenienses,
449 536 572 618 optimo
595 536 667 599 iure
691 536 722 598 ei
744 535 863 598 obiecit
884 534 976 612 M.S.,
998 544 1077 599 tunc
1096 554 1212 618 pacem
1225 535 1319 599 fnisse

197 649 231 711 in
256 645 395 713 Graecia
409 644 444 730 ¹),
470 668 568 732 quam
591 656 671 712 tunc
693 649 822 712 demum
844 649 1005 713 violatam
1025 669 1094 713 esse
1108 649 1324 713 narratThu·

196 763 328 843 cydides
352 762 409 841 Vl,
437 763 509 839 105,
534 763 564 841 2,
589 782 664 826 cum
687 781 776 825 anno
800 763 866 824 414
890 763 930 825 ad
950 763 1130 827 Laconicae
1152 764 1230 827 litus
1243 763 1324 827 clas·

196 896 263 940 sem
287 876 489 959 appulissent
514 876 741 940 Athenienses.

240 990 406 1054 Postremo
430 989 563 1054 Pindari
587 991 759 1074 aequalem
783 991 880 1054 luisse
905 987 1082 1074 Diagoram
1105 998 1269 1070 nostrum,
1285 1010 1330 1055 ne

199 1105 259 1168 hoc
294 1105 425 1187 quidem
456 1112 580 1168 certum
611 1112 668 1168 est.
692 1104 834 1180 „Utrum
858 1124 961 1168 necne
986 1104 1094 1187 (rogat
1115 1105 1261 1186 Blaydes
1287 1105 1331 1167 ad

199 1218 282 1280 Ran.
316 1238 347 1281 v.
373 1218 449 1301 320)
484 1217 643 1301 Diagoras
666 1215 679 1281 i
700 1216 781 1289 ἄθεος
805 1219 890 1282 idem
916 1217 1016 1282 luerit
1039 1225 1139 1301 atque
1165 1218 1333 1301 Diagoras

197 1331 316 1393 Melius
329 1327 374 1410 ⁹),
394 1330 530 1394 Pindari
562 1338 594 1394 et
626 1332 801 1394 Simonidis
824 1351 973 1408 coaevus,
998 1333 1055 1415 qui
1079 1332 1203 1413 lyricus
1226 1338 1333 1414 poeta

197 1443 261 1507 fuit
296 1452 329 1507 et
364 1446 400 1507 in
432 1445 564 1508 deorum
599 1446 754 1509 honorem
779 1446 926 1508 carmina
949 1446 1086 1528 scripsit,
1110 1465 1177 1508 non
1202 1445 1332 1528 liquet.

199 1559 233 1621 Si
257 1558 343 1621 idem
367 1557 440 1634 luit,
465 1558 652 1642 opinionem
676 1579 752 1622 eum
775 1579 868 1622 suam
888 1559 928 1622 de
949 1559 1010 1622 diis
1022 1537 1186 1642 rebusque
1198 1560 1333 1622 divinis

198 1680 309 1756 postea
334 1682 485 1751 mutasse,
509 1674 762 1737 existimandum
787 1672 883 1737 erit.’'

242 1784 387 1864 Ostendi,
420 1788 593 1850 Fritzsohii
617 1794 812 1870 argumenta
835 1808 900 1850 non
926 1793 995 1850 tam
1018 1792 1107 1851 certa
1131 1806 1209 1865 esse,
1237 1808 1332 1871 quae

197 1902 308 1964 statim
329 1902 424 1965 nobis
443 1901 636 1984 persuadere
656 1901 806 1977 debeant,
827 1920 902 1964 cum
922 1902 1113 1984 praesertim
1126 1901 1351 1985 dissentiant¹

197 2015 391 2079 scholiastae
436 2015 490 2096 (ad
534 2015 655 2078 Avium
697 2014 825 2096 locum),
865 2016 922 2098 qni
959 2035 977 2079 e
1012 2016 1106 2079 bonis
1140 2016 1331 2079 hauserunt

198 2130 354 2194 fontibus.
379 2128 457 2193 Sine
479 2131 580 2193 dubio
606 2127 710 2193 multa
735 2149 876 2213 quoque,
902 2149 986 2212 quae
1006 2136 1119 2212 aperte
1139 2129 1223 2192 falsa
1235 2137 1330 2209 sunt,

197 2246 232 2306 in
268 2245 309 2306 iis
348 2245 494 2326 legimus,
530 2263 601 2325 eg.
637 2245 695 2307 ubi
729 2241 808 2307 Meli
839 2244 1041 2326 expugnatio
1072 2263 1146 2307 cum
1179 2244 1331 2326 Diagora

197 2359 411 2440 coniungitur
419 2385 428 2436 ;
464 2360 520 2422 sed
551 2378 625 2422 cum
660 2359 759 2421 etiam
794 2359 1043 2440 inscriptionum
1075 2357 1234 2434 collectio,
1270 2361 1330 2421 vel

198 2475 298 2557 ipsius
328 2475 552 2557 inscriptionis
586 2474 754 2557 exemplar
788 2476 824 2537 in
856 2475 898 2535 iis
920 2474 1084 2549 laudetur,
1110 2493 1176 2538 non
1201 2480 1330 2538 temere

198 2588 362 2652 reicienda
386 2608 454 2651 esse
480 2607 591 2651 eorum
616 2589 814 2663 testimonia,
839 2588 919 2650 satis
943 2595 1089 2669 apparet.

243 2701 422 2766 Contendit
454 2700 584 2784 quidem
617 2699 694 2765 MD.
721 2701 763 2784 (p.
790 2702 853 2782 93),
879 2720 946 2763 ηοη
969 2699 1117 2764 curanda
1140 2718 1208 2762 esse
1233 2698 1328 2761 addi-

200 2823 355 2895 tamenta,
380 2816 493 2899 qualia
516 2823 594 2879 sunt
617 2812 653 2886 ὥς
677 2819 752 2894 φησι
777 2812 933 2893 Φιλόχορος
954 2815 1006 2877 vel
1026 2810 1114 2884 οὕτως
1135 2810 1328 2896 Θοοκοδῶης,

199 2931 254 2994 sed
277 2931 360 2995 alibi
385 2932 454 3012 ipse
477 2930 615 2993 multam
638 2927 727 2993 dedit
752 2949 894 3012 operam,
920 2936 958 2992 ut
981 2929 1191 2991 librariorum
1212 2947 1328 2992 errore

198 3046 284 3108 malo
308 3045 379 3107 loco
404 3063 442 3107 ea
466 3045 628 3125 adscripta
651 3063 718 3107 esse
743 3045 928 3107 ostenderet
941 3043 974 3124 8).

243 3157 359 3241 Neque
394 3177 522 3221 sumere
557 3159 673 3234 ausim,
707 3164 826 3221 temere
860 3158 912 3219 hic
937 3154 1110 3220 Melanthii
1136 3162 1168 3218 et
1192 3153 1326 3218 Crateri

200 3273 335 3337 nomina
358 3270 470 3334 addita
493 3291 569 3348 esse,
590 3250 670 3355 quia
690 3271 882 3336 scholiastae
903 3270 1326 3333 evariisfontihuseadem

199 3386 355 3450 referunt.

243 3499 417 3564 Praeterea
440 3506 472 3563 et
496 3519 516 3562 a
541 3500 683 3564 Diodoro
707 3503 742 3563 et
764 3519 785 3561 a
809 3498 1020 3581 scriptoribus
1043 3496 1240 3561 Christianis
1252 3515 1324 3578 per·

199 3728 345 3738 —-——-

172 3855 174 3860 ,
234 3880 260 3942 1)
279 3880 333 3930 Duo
357 3880 446 3931 tamen
470 3877 528 3942 loci,
552 3893 618 3947 quos
640 3877 735 3930 attulit
753 3877 814 3930 M.S.
832 3893 855 3945 p.
874 3879 906 3930 94
924 3893 970 3946 sq„
991 3879 1021 3928 ut
1038 3877 1081 3930 vel
1100 3875 1168 3929 bello
1186 3877 1322 3930 saeviente

199 3969 298 4023 similia
314 3970 385 4022 iacta
403 3985 459 4022 esse
477 3968 635 4034 ostenderet,
655 3969 722 4022 nihil
739 3968 858 4037 probant.

233 4061 259 4126 2)
278 4061 404 4114 Attamen
423 4059 577 4114 sumendum
596 4063 645 4124 est,
664 4063 806 4130 utrumqne
826 4061 962 4130 Diagoram
980 4061 1045 4114 Meli
1062 4062 1143 4115 inisse
1160 4065 1260 4115 natum.

233 4153 258 4220 3)
282 4151 342 4204 Vid.
365 4151 453 4206 Fleck.
475 4155 540 4205 hnn.
558 4152 630 4216 1882,
649 4168 674 4220 p.
693 4152 840 4214 aaa-aaa
858 4151 940 4205 Thule
958 4151 1064 4205 Forsch.
1082 4169 1106 4221 p.
1124 4154 1172 4207 201
1191 4170 1257 4224 sqq,
1276 4154 1323 4208 uhi

199 4243 340 4297 scholiasta
371 4243 404 4296 ad
434 4244 544 4298 Luciani
575 4243 712 4297 Timonem
742 4243 856 4308 laudato,
889 4261 966 4314 quem
991 4244 1098 4298 doctum
1124 4246 1321 4316 multarumque

197 4335 334 4389 literarum
360 4336 446 4389 virum
472 4339 556 4400 vocat,
583 4337 658 4390 cuins
681 4335 876 4390 observationes
902 4337 1008 4390 minime
1030 4337 1085 4390 sint
1103 4335 1271 4404 spernendae,
1291 4340 1321 4390 nt

199 4427 255 4480 eius
282 4427 362 4481 verba
387 4430 460 4485 strae
486 4428 630 4487 Θουκοδῶος
656 4427 805 4496 explicaret,
830 4427 954 4481 audacem
979 4428 1129 4482 construxit
1146 4428 1319 4497 hypothesin,

199 4519 279 4575 Arist.
297 4539 322 4573 u.
340 4519 364 4573 d.
383 4519 452 4574 Hist.
470 4520 540 4574 Krit.
558 4536 583 4589 p.
603 4520 651 4573 120
667 4536 725 4590 sqq.
