3046 5214
811 309 851 369 50

266 502 320 560 tur
356 496 492 574 mentio,
528 494 710 579 explicavit
744 496 832 561 M.S.
866 496 953 560 Nam
986 494 1187 579 Chremylus
1210 495 1257 561 ibi
1283 516 1400 581 neque

263 611 435 693 gloriatur,
468 629 574 694 neque
607 611 780 688 mentitur,
816 630 923 694 neque
951 611 1082 693 decipit,
1106 630 1212 695 neque
1239 612 1399 689 miratur,

264 743 372 807 neque
397 724 565 808 approbat,
590 743 697 807 neque
721 724 867 802 dubitat,
890 742 997 807 neque
1019 743 1077 806 per
1101 719 1218 787 Ἵππιον
1242 725 1349 788 iurat.

309 837 387 901 Loci
422 845 535 900 autem
574 837 671 899 huius
705 836 848 918 simplex
883 837 1059 918 explicatio
1090 843 1139 900 est
1172 839 1261 915 haec,
1287 857 1396 921 quam

265 951 348 1012 mihi
376 949 603 1033 suppeditavit
627 951 679 1012 vir
703 951 911 1013 doctissimus
936 969 967 1012 v.
992 950 1176 1014 Leeuvven:
1201 949 1279 1015 Chr.
1306 951 1398 1028 „Per

263 1062 492 1147 Neptunum.'’
533 1063 583 1125 Bl.
620 1063 813 1140 „Verumue
848 1064 989 1128 advocas
1024 1061 1263 1147 Neptunum?’'
1300 1065 1395 1147 (,‚An

264 1178 398 1239 fortasse
432 1176 660 1239 adulterinum
694 1174 840 1259 aliquem
877 1177 974 1240 deum
1010 1175 1299 1260 nominavisti?”)‚
1327 1179 1352 1242 i.
1367 1198 1395 1241 e.

264 1290 416 1368 „bedoelt
438 1291 481 1373 gij
507 1288 569 1354 wel
594 1291 656 1353 den
681 1291 797 1354 echten
824 1290 982 1354 Poseidon
992 1289 1026 1352 ?”
1053 1291 1161 1372 („toch
1185 1311 1267 1374 geen
1292 1312 1396 1376 nage-

265 1400 487 1485 maalrten?”).
512 1403 554 1466 Et
578 1405 702 1467 nodum
728 1405 762 1466 in
787 1405 893 1486 scirpo
918 1405 1119 1487 quaesivisse
1146 1425 1224 1468 cum
1250 1402 1394 1470 Muelle-

263 1540 338 1582 rum
364 1526 435 1583 tmu
460 1525 584 1583 ceteros
608 1525 893 1593 commentatores,
921 1539 1010 1583 nunc
1036 1519 1120 1580 mihi
1144 1524 1281 1582 constat.

309 1633 349 1695 ln
386 1633 562 1715 Euripideo
598 1640 712 1696 autem
749 1632 830 1710 loco,
863 1631 954 1714 Cycl.
980 1653 1010 1696 v.
1038 1632 1112 1709 262,
1136 1632 1336 1715 Polyphemi
1362 1639 1397 1697 et

264 1746 413 1829 Neptuni
436 1747 589 1829 cognatio
614 1746 845 1808 iusiurandum
867 1746 947 1809 satis
967 1746 1132 1828 explicare
1148 1745 1231 1807 mihi
1245 1745 1394 1811 videtur.

306 1861 394 1944 Ergo
418 1861 550 1924 etiamsi
573 1860 648 1923 iure
670 1860 878 1923 contenderit
901 1860 945 1922 M.
960 1860 1004 1936 S,
1028 1859 1117 1942 apud
1139 1858 1300 1922 Plautum
1326 1861 1393 1923 mi·

263 1974 357 2038 litem
391 1975 488 2037 illum
522 1972 701 2057 gloriosum
733 1969 905 2056 „Neptuni
934 1968 1111 2056 nepotem''
1133 1977 1264 2057 propter
1288 1973 1395 2038 iaeta-

263 2089 386 2152 tionem
421 2089 543 2164 vocari,
570 2088 701 2151 etiamsi
725 2106 823 2170 porro
847 2106 966 2150 verum
991 2088 1045 2166 sit,
1069 2087 1157 2171 quod
1180 2086 1238 2150 ille
1260 2086 1394 2166 statuit,

262 2201 390 2264 Romae
413 2202 600 2284 peregrinos
623 2201 665 2265 ob
684 2201 829 2264 iactandi
850 2221 976 2292 moreni
997 2199 1147 2283 Neptuni
1158 2200 1244 2264 filios
1258 2206 1395 2266 vocatos
1470 2192 1476 2205 ’

266 2333 333 2378 esse
348 2314 380 2396 ¹),
409 2315 541 2378 etiamsi
571 2315 715 2398 denique
739 2312 895 2385 θαλάττιος
919 2313 982 2377 Av.
1007 2335 1039 2378 v.
1066 2315 1151 2376 1333
1175 2315 1262 2377 idem
1289 2314 1393 2398 signi-

261 2429 335 2492 ficet
368 2447 407 2490 ac
440 2429 592 2506 mendax,
625 2429 758 2492 concedi
783 2435 894 2492 tamen
919 2428 1044 2511 nequit,
1069 2427 1290 2491 Athenienses
1316 2433 1393 2491 tum

263 2542 398 2605 demum
423 2561 481 2624 per
506 2543 607 2604 maris
630 2543 729 2607 deum
755 2543 892 2621 iurasse,
916 2562 993 2605 oum
1019 2541 1228 2605 mendacium
1250 2541 1393 2625 aliquod

261 2659 319 2717 aut
343 2655 478 2718 iactatio
505 2675 619 2719 eorum
645 2660 792 2719 mentem
816 2656 938 2719 feriret.

305 2766 391 2830 Nam
425 2765 579 2831 Muelleri
607 2770 797 2852 hypothesis
824 2769 945 2832 multos
969 2769 1054 2832 locos
1078 2769 1214 2832 omnino
1238 2788 1308 2831 non
1332 2788 1392 2834 ex·

263 2881 417 2962 plicavit;
442 2882 524 2944 alios
547 2887 659 2944 autem
687 2881 774 2945 locos
796 2881 980 2963 simplicius
1002 2901 1101 2964 quarn
1124 2881 1186 2944 ille
1204 2881 1393 2964 fecitposse

261 2994 432 3076 explicari,
465 2995 612 3073 ostendi;
644 3003 814 3077 praeterea
844 2995 1063 3058 iurisiurandi
1094 2997 1193 3058 huius
1226 2995 1393 3079 significa·

261 3107 385 3170 tionem
422 3113 593 3190 tantopere
625 3107 805 3171 identidem
841 3109 1046 3188 immutavit,
1083 3114 1120 3172 ut
1155 3109 1190 3171 in
1226 3110 1392 3175 Proteum

261 3219 409 3303 aliquem
453 3221 693 3284 multiformem
727 3222 848 3285 abiisse
885 3223 986 3284 maris
1020 3222 1120 3286 deum
1157 3223 1290 3301 dixeris,
1327 3244 1391 3306 per

261 3353 359 3417 quern
390 3354 488 3398 nemo
518 3354 584 3398 non
616 3341 693 3419 apte
717 3335 834 3419 quavis
857 3335 924 3399 fere
948 3337 1117 3400 occasione
1138 3337 1250 3400 iurare
1272 3344 1392 3420 potue·

260 3448 314 3512 rit.
349 3445 524 3528 Quantum
561 3449 651 3510 enim
689 3448 776 3511 inter
811 3468 844 3512 se
878 3448 1002 3512 distant
1038 3450 1248 3513 mendacium
1274 3456 1308 3515 et
1332 3472 1390 3536 ap·

260 3561 430 3642 probatio!

304 3671 400 3754 Quod
430 3680 542 3738 autem
577 3676 727 3739 homines
758 3679 831 3738 tum
862 3695 920 3759 per
949 3675 1145 3759 Neptunum
1174 3677 1286 3742 iurare
1309 3699 1387 3744 con·

259 3787 372 3863 tendit,
411 3808 488 3851 curn
527 3789 690 3852 mirentur
725 3787 860 3872 aliquid,
895 3790 1086 3872 respondeo,
1120 3791 1265 3853 cuiusvis
1289 3792 1388 3855 iuris·

258 3900 393 3964 iurandi
428 3902 512 3965 hanc
542 3921 610 3966 esse
640 3921 785 3979 causam,
818 3903 905 3986 quod
928 3904 1104 3968 insolitum
1131 3905 1210 3988 quid
1233 3904 1388 3989 inexpec-

260 4018 411 4078 tatumve
435 4017 597 4080 miremur
620 4018 673 4080 vel
696 4013 921 4099 indignemur.

294 4275 320 4342 1)
339 4273 445 4328 Servius
463 4273 496 4327 ad
512 4274 577 4328 den.
597 4273 690 4342 111,v.
709 4274 766 4328 241.

721 4473 912 4485 *-
