3046 5214
745 289 786 350 40

199 475 287 540 libus
318 479 429 539 autem
463 474 555 539 valet
586 474 688 538 illud:
719 479 845 551 „tacere
870 478 1015 558 praestat
1037 494 1140 559 quam
1164 477 1253 540 nihil
1279 477 1330 540 di-

198 588 304 654 cere.”
332 589 419 653 Nam
445 590 575 654 etiamsi
600 589 681 655 forte
704 589 838 652 fortuna
862 609 980 653 verum
1005 589 1140 654 vidisset
1162 590 1206 653 Μ.
1221 591 1267 668 S.,
1293 597 1331 655 at

197 724 313 768 verum
349 723 417 767 essa
441 722 550 786 neque
575 703 630 766 ille
656 722 762 785 neque
785 702 873 765 alius
896 704 1073 785 quisquam
1098 704 1332 769 demonstrare

196 823 320 902 posset;
356 818 430 900 quis
461 822 574 880 autem
608 816 667 879 tali
699 816 872 899 hypothesi
903 817 952 880 uti
984 817 1130 896 audebit,
1164 823 1201 881 ut
1230 817 1327 882 aliu'd

196 930 277 1014 quid
312 931 427 1013 probet
462 930 516 993 vel
552 930 738 1012 impugnet,
773 929 918 993 aliamve
955 930 1151 1012 hypothesin
1186 928 1328 994 fulciat?

198 1045 295 1109 Talia
317 1045 445 1109 nullius
469 1045 629 1107 momenti
654 1050 732 1106 sunt
755 1049 787 1106 et
810 1044 843 1105 iu
871 1048 1016 1107 mentem
1040 1049 1198 1107 revocant
1221 1044 1325 1107 auda

198 1160 284 1221 ciam
320 1156 554 1233 Freinshemii,
588 1157 648 1239 qui
683 1157 819 1218 Livium
856 1157 1028 1220 restituere
1064 1176 1163 1219 ausus
1187 1162 1252 1233 ests
1270 1157 1328 1220 vel

198 1274 269 1337 eius
304 1272 369 1334 viri
405 1272 500 1349 docti,
537 1272 607 1354 qui,
643 1291 720 1334 cum
753 1290 860 1353 nuper
889 1277 969 1334 nata
998 1278 1081 1336 esset
1103 1273 1329 1354 grammatino

197 1387 434 1469 comparativa,
457 1385 605 1449 tabulam
626 1386 764 1467 scripsit,
786 1385 902 1468 lingua
925 1405 1001 1448 usus
1013 1385 1325 1465 Indo-Germanica,

197 1501 292 1565 cuius
335 1499 431 1563 nulla
474 1499 598 1564 scilicet
641 1499 709 1561 sint
751 1505 980 1577 monumenta,
1023 1500 1050 1562 si
1081 1519 1229 1582 unquam
1265 1519 1328 1564 ex-

199 1614 339 1678 titerint.

243 1727 366 1791 Versus
401 1731 513 1789 autem
552 1727 614 1789 605
640 1744 686 1808 sq.
721 1725 762 1788 ad
796 1731 956 1809 strategos
991 1728 1026 1789 in
1051 1726 1167 1790 Sicilia
1191 1727 1322 1790 bellum

198 1845 348 1924 gerentes
381 1841 555 1923 pertinere,
590 1839 808 1922 probabiliter
843 1840 1021 1904 admodum
1056 1841 1242 1923 suspicatus
1272 1847 1327 1905 est

197 1955 241 2017 M.
255 1952 285 2018 S.
319 1953 402 2017 Sunt
433 1953 642 2036 Pythodorus
668 1952 784 2035 (Thuc.
810 1951 869 2031 III,
895 1955 982 2038 115),
1007 1954 1192 2037 Sophocles,
1216 1956 1326 2038 Eury-

199 2068 320 2132 medon
344 2064 413 2150 (IV,
439 2068 481 2151 2).
506 2065 596 2129 Num
620 2068 654 2129 hi
674 2068 737 2131 duo
757 2072 930 2150 propterea
949 2068 978 2131 ἕν
999 2067 1105 2131 Χαότα
1126 2089 1194 2133 esse
1214 2069 1329 2132 dican·

199 2187 263 2259 tur,
306 2181 394 2264 quod
436 2178 601 2262 Corcyrae
635 2182 831 2244 seditionem
867 2201 983 2265 pacare
1018 2184 1129 2246 conati
1165 2188 1252 2262 sunt,
1288 2183 1326 2248 id

198 2295 311 2358 minus
342 2299 471 2358 certum
502 2313 570 2357 esse
602 2295 685 2356 mihi
714 2295 856 2374 videtur,
880 2316 955 2358 cum
981 2297 1174 2379 praesertim
1200 2318 1231 2361 v.
1259 2298 1326 2361 614

197 2409 310 2472 statim
342 2413 412 2491 post
445 2405 559 2479 Χαόνας
590 2408 676 2472 facta
706 2409 750 2471 sit
783 2410 908 2473 mentio
932 2413 983 2472 τοῦ
1008 2407 1146 2490 Κοισύρας
1159 2410 1196 2494 1),
1221 2429 1324 2494 quem

197 2522 433 2605 Hippocratem
470 2522 665 2604 Ariphronis
700 2522 807 2586 filium
844 2543 912 2587 esse
946 2525 1130 2607 suspicatur
1165 2525 1208 2589 M.
1231 2525 1264 2589 S.
1287 2526 1325 2609 Β).

199 2636 326 2699 Deinde
354 2633 697 2717 θΠανοαρριτταρχίδρ
722 2636 949 2718 Thucydidem
974 2639 1166 2702 historicum
1193 2639 1325 2718 effossit,

199 2749 415 2812 Tisamenum
442 2754 555 2813 autem
583 2748 746 2813 Acestoris
771 2750 881 2813 filium
905 2751 1013 2828 fuisse,
1036 2752 1203 2833 opinatur.

247 2862 337 2925 Haec
364 2865 478 2926 omnia
503 2863 673 2945 sagaciter,
697 2863 814 2946 lepide.
840 2863 885 2926 At
907 2864 1035 2927 incerta
1059 2869 1205 2928 manent.
1232 2864 1325 2930 Num

207 2974 296 3038 enim
322 2974 385 3038 sub
409 2975 564 3039 omnibus
587 2975 638 3037 his
661 2976 855 3039 nominibus
878 2975 1005 3041 lateant
1027 2979 1172 3060 strategi,
1196 2979 1329 3044 dubito.

203 3085 334 3168 Quidni
365 3088 548 3172 legatorum
574 3108 705 3172 quoque
729 3091 933 3154 mentionem
959 3092 1072 3155 fecerit
1095 3097 1193 3174 poeta
1218 3093 1269 3176 (cf.
1295 3114 1326 3157 v.

205 3199 300 3284 slot?
323 3186 498 3265 Praeterea
520 3202 667 3282 neglexit
690 3203 734 3264 M.
749 3203 780 3266 S.
802 3204 904 3267 verba
923 3209 1000 3283 τρεῖς
1012 3202 1156 3284 δραχμὰς
1178 3205 1220 3288 (v.
1236 3207 1325 3291 602).

199 3316 300 3379 Estne
333 3316 393 3379 hoc
424 3316 560 3398 strategi
593 3315 816 3397 stipendium?
846 3317 896 3380 Ex
932 3317 1118 3382 Anabaseos
1142 3319 1213 3382 loco
1238 3319 1325 3401 (VII,

200 3431 229 3508 6,
257 3429 299 3510 1),
325 3429 431 3491 maius
453 3429 487 3491 id
510 3429 618 3506 fuisse,
644 3429 767 3494 efficere
792 3431 932 3495 vellem:
958 3428 1011 3494 acl
1032 3429 1114 3509 λέγει
1134 3429 1176 3494 ὅτι
1197 3431 1328 3513 δαρεικὸς

150 3530 153 3535 ’
199 3538 313 3620 ἑκάστῳ
345 3537 427 3604 ἔσται
459 3541 559 3618 μισθὸς
584 3545 634 3606 τοῦ
659 3543 759 3619 μανὸς,
784 3550 845 3614 τοῖς
872 3543 903 3608 δὲ
926 3552 1074 3624 λοχαγοῖς
1099 3544 1232 3627 διμοιρία,
1256 3553 1320 3618 τοῖς

84 3734 89 3743 .
199 3653 230 3718 δὲ
264 3660 443 3734 στρατηγοῖς
477 3653 662 3735 τετραμοιρία
697 3655 749 3738 (cf.
785 3657 857 3736 VII,
893 3659 923 3736 3,
959 3659 1008 3736 10,
1033 3679 1064 3724 v.
1088 3638 1253 3723 Lecuweu
1280 3661 1323 3724 ad

198 3766 280 3833 Ach.
305 3788 336 3829 v.
362 3768 450 3852 572).

242 3879 409 3961 Quoniam
443 3888 556 3946 autem
588 3882 789 3948 Graecorum
824 3885 970 3949 militum
1003 3886 1204 3970 stipendium
1231 3888 1322 3952 inter

200 3996 281 4060 duos
310 3997 421 4061 obolos
445 4002 477 4061 et
499 3999 691 4062 drachmam
718 4000 780 4062 fuit
805 3999 958 4081 (Boeckh.
984 4001 1212 4064 Staatshaush.
1238 3999 1265 4078 I,
1288 4023 1320 4086 p.

201 4112 276 4195 168)
323 4115 356 4175 et
391 4113 531 4175 maximi
567 4113 724 4195 stipendii
760 4113 812 4177 hic
849 4115 1052 4178 mentionem
1089 4117 1193 4180 facere
1229 4117 1327 4180 debet

233 4389 256 4450 1)
274 4385 309 4439 Et
327 4401 403 4455 saepe
421 4387 540 4441 Chaones
557 4386 670 4439 nominis
686 4388 792 4439 tantum
810 4388 897 4456 gratia
914 4367 1158 4443 commemorantur.

228 4478 254 4546 2)
273 4477 472 4542 Difficultatcm,
497 4476 564 4547 quod
585 4477 617 4530 ad
635 4478 747 4546 phylam,
767 4479 875 4532 sustulit
894 4495 916 4531 r.
935 4478 1063 4533 Lecuwen
1083 4479 1115 4534 ad
1134 4481 1199 4534 Aah.
1218 4498 1233 4534 v
1260 4483 1320 4536 568.
