3328 5396
742 439 782 501 89

197 635 370 701 declarare
404 631 513 696 voluit
537 649 640 714 qnam
665 647 757 711 opus,
782 645 846 710 qno
872 627 951 690 haec
974 625 1086 690 omnia
1109 623 1320 707 comprehen-

197 752 372 827 derentur,
398 765 503 810 unum
532 749 564 809 et
586 743 726 827 simplex
749 736 849 806 esse.''

244 861 351 944 Quidl
390 861 424 924 Si
460 879 498 924 ea
533 878 600 923 non
633 857 815 940 scripsisset
849 852 1066 938 Thucydides,
1103 857 1219 917 tumne
1254 870 1322 916 non

197 976 342 1060 simplex
365 993 434 1040 esse
471 972 526 1038 sed
548 971 676 1036 duobus
700 968 863 1035 contineri
884 967 1112 1033 voluminibus
1133 984 1214 1050 opus
1226 965 1322 1029 nobis

198 1084 394 1154 videretur?
436 1088 648 1151 Punctumne
690 1083 902 1167 appingimus
944 1078 1134 1158 sententiae,
1175 1082 1212 1144 ut
1247 1099 1322 1145 cum

201 1203 356 1288 sequenti
380 1220 454 1266 eam
479 1194 743 1282 coniungamuri

245 1316 413 1381 Praefatio
437 1314 526 1392 haec,
551 1311 605 1376 vel
628 1311 739 1396 potius
762 1303 848 1393 pars',
873 1328 959 1394 quae
984 1310 1024 1374 de
1039 1309 1099 1373 hac
1110 1327 1146 1373 re
1158 1308 1237 1393 agit,
1250 1308 1322 1374 iure

198 1452 221 1496 a
244 1430 408 1495 Muellero
432 1433 572 1493 vocatur
590 1426 667 1504 „ein
688 1422 1325 1508 kunstlichesgebtudescholisstissher

197 1538 574 1631 spitzfindigkeiteu''¹).
605 1539 721 1604 Unum
751 1537 954 1621 exemplum,
979 1538 1064 1621 qnod
1088 1542 1190 1603 totam
1215 1537 1322 1622 dispu-

199 1661 361 1728 tationem
386 1659 547 1723 damnare
573 1653 657 1718 mihi
681 1654 824 1730 videtur,
848 1653 1004 1718 laudabo.

246 1773 422 1857 „Denique
449 1769 639 1854 negandum
664 1765 741 1847 est’',
767 1768 816 1831 ita
838 1767 978 1851 legimus
1002 1787 1033 1851 p.
1065 1767 1115 1846 28,
1139 1766 1326 1858 „Thucydi-

199 1889 276 1953 dem
308 1883 374 1964 HI,
408 1885 460 1964 87,
487 1886 516 1964 2,
547 1884 655 1948 dicere
679 1901 746 1947 non
770 1881 915 1968 potuisse
937 1881 1160 1973 pestilentiam
1186 1879 1326 1946 Athenis

201 2004 353 2068 exortam
377 2005 446 2064 tam
470 1998 637 2062 funestam
660 1996 760 2061 fuisse
783 1993 857 2060 ὥστε
879 1993 1038 2068 Ἀθηναίων
1061 2017 1098 2072 γε
1116 1989 1160 2071 μὴ
1180 1986 1249 2057 εἶναι
1272 1991 1289 2058 ὅ
1298 2017 1327 2057 τι

202 2115 321 2193 μᾶλλον
344 2109 475 2177 ἐκάκωσε
497 2108 550 2183 τὴν
572 2107 707 2190 δύναμιν,
731 2111 758 2174 si
779 2109 907 2175 cladem
927 2109 1132 2174 Siciliensem
1153 2127 1231 2173 cum
1245 2109 1326 2174 haec

204 2229 364 2293 scriberet
384 2226 550 2310 cognitam
577 2221 774 2290 habuisset.”
800 2221 944 2308 Optime,
969 2243 1046 2287 nam
1070 2223 1325 2288 talesexclama·

204 2343 312 2407 tiones
348 2361 415 2406 non
449 2339 491 2404 ad
525 2339 657 2403 literam
690 2337 901 2424 explicandae
933 2343 1067 2403 suntet
1091 2338 1325 2404 tantummodo
1371 2417 1373 2422 ,

207 2473 364 2538 magnam
401 2455 499 2518 fuisse
530 2472 611 2532 rem,
646 2452 814 2531 indicant3
844 2451 920 2537 quis
944 2454 1035 2518 enim
1059 2457 1174 2518 auctor
1197 2452 1327 2533 artifex,

206 2570 309 2634 cladis
345 2569 485 2632 alicuius
518 2567 742 2632 misericordia
774 2567 950 2652 perculsos,
984 2568 1067 2632 data·
1083 2586 1181 2651 opera
1204 2567 1329 2633 ceteras

205 2701 321 2747 omnes
344 2681 551 2746 calamitates
575 2682 764 2766 perpendet,
785 2700 867 2745 num
888 2681 1003 2765 paullo
1014 2682 1181 2766 graviores
1193 2683 1327 2762 fuerint,

205 2801 388 2880 antequam
420 2815 493 2860 eam
519 2795 699 2860 describere
723 2793 885 2879 incipiat?
909 2795 979 2860 Hoc
1002 2798 1110 2881 ipsum
1138 2802 1250 2862 tamen
1274 2798 1329 2863 hio

204 2911 317 2975 iecisse
352 2905 582 2992 Thucydidem
616 2910 771 2993 opinatur
803 2909 913 2987 Stahl;
948 2930 1028 2973 nam
1051 2913 1267 2994 computavit,
1292 2912 1327 2976 in

206 3025 320 3088 Sicilia
355 3023 630 3101 „Atheniensium
664 3024 820 3088 ducentos
852 3023 976 3087 milites
1003 3025 1115 3108 gravis
1138 3031 1329 3091 armaturae

207 3143 241 3203 et
263 3139 410 3220 quinque
436 3137 541 3212 milia,
565 3137 692 3220 equites
715 3143 876 3202 trecentos
902 3137 1044 3215 affuisse,
1070 3156 1212 3222 quornm
1232 3140 1330 3222 pauci

205 3255 346 3319 domum
370 3250 561 3316 redierunt’'
570 3278 580 3330 ;
602 3251 716 3316 morbo
738 3255 850 3314 autem
863 3251 1025 3316 interiisse
1039 3251 1206 3328 „militum
1219 3254 1331 3336 gravis

205 3371 393 3431 armaturae
415 3369 561 3446 quatuor
581 3364 678 3428 milia
691 3368 724 3429 et
736 3365 1005 3448 quadringentos,
1018 3366 1145 3448 equites
1158 3371 1332 3446 trecentos,

204 3479 355 3560 reliquae
380 3477 616 3557 multitudinis,
642 3497 772 3561 exque
795 3478 941 3542 delectus
961 3478 1069 3555 fiebat,
1081 3477 1328 3560 inexploratum

206 3590 422 3657 nnmerum.”
447 3592 564 3668 „Patet
587 3593 689 3674 igitur
701 3592 751 3656 ab
771 3593 832 3656 hoc
852 3590 1025 3656 homiuum
1037 3593 1188 3670 interitu,
1202 3593 1329 3658 cladem

205 3709 246 3770 in
270 3705 385 3769 Sicilia
405 3710 572 3787 acceptam
593 3705 764 3787 aliquanto
784 3705 975 3788 pestilentia
994 3706 1187 3772 interiorem
1201 3706 1331 3773 inisse.''

204 3821 286 3884 Sine
309 3819 422 3900 dubio,
445 3818 502 3882 sed
526 3819 586 3882 hoc
610 3837 741 3902 quoque
764 3824 864 3902 patet,
889 3820 1000 3883 virum
1026 3821 1171 3899 doctum,
1192 3822 1249 3904 qni
1273 3822 1333 3887 hoo

154 3939 157 3946 '
204 3933 347 4018 scripsit,
383 3933 464 3996 artis
498 3951 578 4017 opus
614 3932 656 3996 ad
689 3933 920 3998 arithmeticae
951 3933 1039 4017 leges
1063 3953 1193 3999 severas
1216 3937 1330 4001 intem·
1415 4018 1418 4025 Ι

206 4049 335 4132 pestive
371 4047 536 4130 exegisse;
571 4047 660 4112 idem
695 4047 836 4112 seribere
871 4047 1031 4131 potuisset
1062 4048 1279 4130 Thucydides,
1304 4051 1332 4113 si
1404 4033 1406 4040 ’

208 4160 302 4224 clade
321 4158 484 4224 Siciliensi
506 4159 614 4243 plures
634 4179 737 4243 quam
759 4160 874 4224 morbo
887 4158 1106 4225 Athenienses
1118 4161 1333 4227 interiissent.

255 4274 317 4338 Sed
351 4275 393 4338 ad
424 4272 622 4337 Muellerum
653 4273 835 4351 redeamus,
859 4273 918 4356 qui
944 4273 992 4337 ita
1014 4273 1199 4359 iudicatll:
1223 4275 1335 4360 „Thu-

210 4442 357 4452 ..----

243 4536 269 4600 l)
287 4531 376 4586 Fleck.
393 4530 485 4586 Jahrb.
506 4532 577 4597 1885,
596 4549 622 4601 p.
639 4532 696 4586 3³7.

243 4625 271 4692 2)
291 4622 350 4677 Vid.
368 4639 392 4691 p.
409 4623 440 4676 51
459 4637 498 4692 sq.
