3324 5392
859 464 901 525 68

322 648 530 731 Thucydides
564 643 617 721 ἔξω
651 652 705 720 τῆς
738 643 848 718 πόλεως
878 647 912 711 id
945 647 1067 711 festum
1097 646 1247 711 ootaunis
1279 645 1436 709 celebrari

322 769 447 841 narret,
477 763 554 827 inde
585 763 663 826 satis
691 781 858 845 apparere,
881 781 980 846 prope
1004 761 1120 824 urbem
1143 761 1268 824 factum
1292 760 1327 823 id
1353 778 1438 836 esse;

322 879 409 962 quod
443 878 471 941 si
506 895 622 941 verum
653 881 710 954 est,
741 876 813 939 fieri
845 895 912 939 nou
943 875 1095 960 potuisse,
1126 875 1207 958 quiu
1235 873 1437 956 Mytilenaei,

323 991 577 1055 Atheniensium
597 990 699 1054 elassa
720 993 901 1071 conspecta,
914 987 1063 1053 celeriter
1073 988 1109 1050 in
1124 987 1239 1051 urbem
1253 987 1438 1061 redeuntes,

324 1105 430 1168 multo
472 1108 550 1167 ante
584 1103 730 1167 hostium
764 1103 958 1180 adveutum,
993 1101 1123 1164 aditum
1158 1101 1371 1183 prohiberent
1406 1104 1439 1162 et

322 1217 543 1283 defensionem
567 1221 731 1300 pararent.
1382 1224 1383 1227 ’

217 1395 240 1424 Ι,
368 1329 419 1410 At,
445 1351 576 1415 quaero,
602 1330 740 1394 nobisne
760 1329 838 1393 licet
856 1329 986 1412 antiqui
1007 1328 1172 1421 scriptoris
1192 1327 1294 1391 verba
1316 1332 1438 1390 temere

323 1446 454 1524 reicere,
478 1463 563 1528 quae
586 1463 695 1526 nequa
717 1442 793 1506 aliis
816 1442 1061 1506 narrationibus
1083 1460 1189 1523 neque
1211 1439 1439 1524 probabilitati

322 1556 529 1642 repugnent?
552 1557 638 1622 Nam
663 1577 723 1621 cur
745 1558 847 1621 verba
870 1551 924 1629 ἔξω
947 1560 1001 1628 τῆς
1023 1553 1134 1627 πόλεως
1158 1574 1280 1638 „prope
1299 1552 1438 1618 urbem”

323 1655 507 1754 siguificare
540 1675 651 1735 sumat
686 1671 775 1748 M.S.,
810 1689 878 1734 non
913 1671 1023 1753 capi0;
1058 1688 1165 1752 neque
1200 1689 1258 1733 cur
1292 1687 1359 1732 non
1395 1667 1439 1731 ab

322 1785 427 1850 altera
457 1789 549 1869 parte
581 1785 847 1868 appropinquare
870 1784 1038 1866 potuerint
1063 1784 1204 1847 hostium
1230 1802 1340 1846 naves.
1365 1780 1440 1845 Non

322 1899 424 1976 enim,
453 1903 544 1982 puto,
568 1896 722 1962 credibile
744 1902 802 1975 est,
828 1893 1055 1978 Mytilenaeos‚
1079 1897 1137 1979 qui
1162 1895 1349 1979 periculum
1374 1894 1438 1958 sibi

320 2013 445 2076 instare
486 2031 528 2074 ne
570 2011 816 2094 suspicarentur
853 2010 1000 2092 quidem,
1036 2009 1257 2091 speculatores
1294 1987 1471 2090 undique·

322 2125 475 2189 habuisse
499 2125 678 2207 dispositos.
703 2124 785 2187 Viro
805 2129 916 2188 autem
939 2123 991 2186 illi
1011 2123 1222 2205 Mytilenaeo,
1243 2123 1336 2187 cuius
1350 2141 1439 2186 men-

323 2237 445 2302 tionem
477 2239 553 2302 fecit
580 2237 787 2319 Thucydides
811 2237 828 2320 b
853 2239 882 2316 5,
907 2239 985 2300 satis
1008 2237 1231 2320 periculosum
1258 2238 1366 2301 visum
1390 2243 1441 2300 est

322 2349 574 2416 Atheniensium
599 2342 788 2430 consilium,
812 2371 891 2414 nam
915 2370 1017 2434 quam
1041 2351 1212 2416 celerrime
1236 2353 1387 2429 Lesbum,
1402 2357 1441 2415 ut

321 2485 392 2530 rem
424 2466 605 2541 nuutiaret,
630 2463 758 2528 traiecit
765 2489 774 2542 ;
799 2483 906 2547 neque
930 2464 1126 2547 Mytilenaei
1149 2465 1213 2547 ipsi
1237 2483 1306 2529 rem
1333 2462 1441 2547 negle-

322 2579 464 2662 gendam
490 2578 663 2655 duxerunt,
688 2579 745 2660 qui
768 2577 886 2641 festum
911 2597 978 2642 uon
1003 2577 1242 2642 celebraverint
1264 2577 1360 2661 (bd).

366 2689 412 2754 At
447 2691 498 2754 fac
533 2691 686 2753 insanam
721 2691 819 2754 fuisse
852 2690 945 2753 illam
978 2695 1089 2770 πεῖραν,
1120 2691 1238 2754 ideone
1260 2695 1347 2770 πεῖραι
1371 2710 1441 2754 non

322 2802 408 2867 fuit?
439 2804 551 2886 Ipsum
583 2809 696 2868 autem
729 2804 940 2881 vocabulum,
965 2805 1053 2887 quod
1075 2805 1283 2887 Kruegerum
1307 2823 1442 2888 quoque

323 2918 469 2996 offendit,
491 2917 570 2980 satis
592 2919 677 2981 tueri
702 2917 786 2980 mihi
810 2919 966 2981 videntur
990 2917 1063 2996 loci,
1089 2919 1203 3001 quales
1227 2924 1304 2982 sunt
1324 2917 1440 2982 Aesch.

324 3032 414 3096 Pers.
439 3053 471 3095 v.
499 3032 571 3109 719,
597 3032 694 3114 Soph.
718 3029 770 3096 Αἰ.
794 3051 826 3096 v.
853 3031 926 3109 290,
950 3031 1072 3096 Electr.
1095 3053 1127 3094 v.
1152 3032 1226 3095 471.

365 3147 534 3210 Postremo
565 3147 652 3228 quod
683 3147 725 3209 ad
747 3144 780 3208 ri
803 3142 1038 3209 deaurandam
1060 3147 1213 3229 pertinet,
1241 3165 1355 3210 verum
1381 3151 1441 3224 est,

322 3260 410 3342 quod
433 3259 622 3323 observavit
646 3259 735 3336 M.S.,
760 3259 877 3323 ceteris
901 3258 1016 3343 loeis1)
1043 3261 1079 3322 iu
1104 3259 1309 3324 orationibus
1332 3260 1440 3342 figura

323 3392 363 3437 ea
394 3393 469 3438 usos
501 3392 569 3437 csse
597 3372 886 3455 scriptores.Item
910 3392 961 3436 res
983 3392 1017 3437 se
1041 3374 1141 3438 habet
1163 3373 1292 3437 duobus
1317 3373 1441 3438 Aristo·

323 3487 442 3568 phanis
466 3486 556 3563 loeis,
580 3484 777 3566 Thesmoph.
803 3505 834 3548 v.
859 3485 933 3564 537,
958 3485 1047 3549 Plut.
1071 3506 1103 3550 v.
1128 3487 1203 3550 470.
1223 3485 1263 3548 In
1276 3486 1440 3570 colloquio

323 3604 435 3664 autem
468 3599 521 3664 vel
552 3599 588 3661 in
613 3599 761 3662 oratione
785 3599 891 3663 multo
915 3600 1027 3664 mitior
1050 3606 1099 3663 est
1122 3600 1284 3663 eiusmodi
1308 3598 1440 3683 ellipsis,

273 3785 274 3789 Ἰ
322 3714 445 3797 quippe
467 3731 553 3796 quae
576 3712 673 3790 faciei
699 3731 859 3776 manusve
883 3718 975 3776 motu
999 3713 1162 3776 illustrari
1185 3719 1219 3777 et
1240 3713 1347 3777 veluti
1366 3731 1441 3794 sup·

238 3854 240 3858 ’
322 3827 407 3910 pleri
432 3827 545 3910 possit.

367 3940 413 4003 At
435 3941 471 4002 in
495 3940 687 4021 Thucydide
710 3958 840 4022 quoque
864 3939 997 4004 fortasse
1019 3940 1091 4023 ipsa
1113 3940 1225 4003 nuntii
1249 3941 1351 4004 verba
1362 3940 1441 4022 legi·

324 4073 397 4116 mus
405 4078 414 4132 ;
450 4054 538 4136 quod
569 4055 597 4116 si
620 4072 738 4117 verum
761 4058 820 4131 est,
844 4053 934 4116 locus
960 4053 1012 4117 hic
1035 4072 1056 4116 a
1078 4053 1194 4117 ceteris
1217 4072 1350 4135 prorsus
1372 4073 1441 4117 non

323 4165 439 4230 differt.
464 4166 638 4229 Praeterea
660 4167 822 4248 quamdiu
847 4165 887 4229 de
910 4163 1111 4248 Thucydidis
1135 4172 1291 4231 contextu
1320 4187 1441 4250 parum

323 4285 449 4344 certum
485 4287 543 4358 est,
579 4284 693 4342 utrum
730 4280 772 4343 ab
805 4280 876 4361 ipso
911 4280 953 4343 sit
988 4281 1138 4362 scriptus,
1176 4301 1219 4344 an
1251 4282 1294 4346 ab
1316 4283 1445 4347 editore

324 4398 485 4472 consutus,
517 4413 560 4456 an
593 4395 635 4458 ab
665 4395 735 4476 ipso
767 4399 902 4458 auctore
925 4414 991 4458 nou
1015 4393 1188 4478 perlectus,
1212 4416 1346 4460 summa
1368 4416 1445 4462 eau-

358 4640 384 4708 1)
404 4641 483 4695 Hom.
501 4639 574 4694 Iliad.
591 4640 623 4694 A.
642 4641 698 4705 135,
717 4643 782 4696 lien.
800 4639 885 4695 Anab.
907 4639 968 4708 VII,
986 4643 1009 4706 7,
1028 4641 1067 4696 lb.
1083 4641 1153 4696 Plat.
1171 4643 1259 4712 Symp.
1274 4659 1299 4712 p.
1319 4643 1365 4698 185
1382 4643 1413 4699 D.
