3046 5214
747 309 787 370 28

209 499 312 581 igitur
336 497 462 563 ostendi
484 495 637 581 potnerit,
657 496 911 561 Demosthenem
934 514 1158 578 nequeusque
1172 494 1334 559 adfinem

205 613 304 675 huius
334 613 416 675 anni
447 616 626 695 strategum
659 611 757 674 fuisse
783 628 889 693 neque
913 611 1046 674 interim
1074 610 1105 673 ei
1130 609 1334 691 abrogatum

204 745 272 790 csse
297 727 538 809 magistratum,
564 725 709 788 indicata
733 725 795 788 erit
814 743 874 803 res,
898 724 1024 807 patebit
1044 723 1135 786 enim
1149 719 1333 802 ratapan-

202 839 300 920 psrlcr
325 845 447 904 aestate
472 841 602 903 habitos
627 859 692 902 non
717 858 795 903 esse.

250 957 487 1019 Demosthenes
511 959 633 1032 autem,
654 954 766 1017 insula
786 950 936 1017 Leucade
958 957 1096 1030 vastata,
1109 953 1144 1014 in
1160 951 1331 1016 Aetoliam

204 1068 279 1134 tecit
310 1070 565 1152 expeditionem,
597 1069 652 1133 sed
681 1068 723 1131 ad
746 1067 916 1149 Aegitium
942 1067 1106 1130 exercitus
1130 1067 1200 1130 eius
1221 1067 1333 1149 protli-

203 1191 299 1268 gatus
335 1192 382 1248 est
412 1188 445 1247 et
475 1185 563 1247 cives
596 1187 731 1247 centum
766 1182 884 1265 viginti
909 1181 1096 1245 ceciderunt
1123 1179 1161 1261 (c.
1188 1179 1228 1242 97
1254 1181 1331 1263 sq.).
1369 1163 1374 1174 ¹

204 1296 416 1382 Naupactum
452 1299 557 1381 igitur
580 1297 749 1362 redierunt
774 1297 844 1360 eius
867 1296 981 1379 copiae
1005 1299 1037 1358 et
1060 1295 1139 1358 inde
1164 1292 1330 1373 Athenas3

204 1413 259 1476 sed
282 1413 350 1496 ipse
370 1411 626 1476 Atheniensium
650 1416 740 1475 metu
752 1412 787 1474 in
801 1410 967 1492 Naupacti
981 1409 1105 1474 vicinia
1120 1409 1142 1491 ¹)
1154 1409 1330 1486 remansit,

203 1526 336 1590 fortasse
355 1545 500 1609 sperans,
521 1526 638 1590 forent
655 1525 780 1589 cladem
796 1528 964 1607 acceptam
979 1542 1056 1586 mox
1069 1523 1197 1586 diluere
1208 1527 1329 1606 posset.

247 1637 316 1718 Περὶ
342 1639 374 1703 τὸ
397 1636 569 1720 φθινόπωρον
592 1644 705 1703 autem
725 1639 934 1720 Eurylochus
954 1637 1133 1719 Spartanus
1146 1657 1220 1700 cum
1236 1657 1331 1703 exer·

203 1754 271 1818 citu
304 1752 429 1818 Aetolis
461 1753 587 1818 auxilio
620 1754 711 1816 venit
745 1751 783 1834 (c.
812 1752 885 1834 100)
918 1755 950 1814 et
973 1754 1088 1814 contra
1112 1748 1328 1834 Naupactum

203 1868 445 1950 expeditionem
478 1867 566 1931 fecit.
598 1867 693 1930 Hanc
722 1866 860 1930 obrem
888 1866 1084 1944 Acarnanes,
1110 1865 1231 1949 quibus
1255 1887 1330 1949 per-

203 1981 354 2044 suasisset
374 1981 620 2056 Demosthenes,
635 1984 670 2043 ut
690 1997 801 2043 secum
816 1981 932 2044 urbem
947 1979 1167 2058 defenderent,
1180 1985 1329 2045 armatos

204 2093 298 2157 mille
330 2093 545 2177 miserunt2);
577 2112 660 2176 quos
687 2113 762 2158 cum
786 2094 958 2158 advenisse
981 2094 1187 2176 cognovisset
1213 2094 1328 2177 Eury·

203 2208 327 2286 lochus,
350 2208 466 2271 relicta
488 2207 660 2292 Naupacto
685 2209 727 2271 ad
753 2207 981 2272 Ambraciotas
1000 2206 1164 2290 proiectus
1185 2213 1246 2287 est,
1267 2211 1328 2293 qui

202 2322 364 2404 impetum
400 2322 436 2384 in
473 2321 578 2405 Argos
613 2322 902 2404 Amphilochicum
934 2323 971 2384 in
1003 2323 1116 2386 animo
1148 2323 1323 2404 haberent;

203 2431 255 2498 rial
278 2433 311 2498 rb
336 2432 409 2515 θέρος
433 2433 572 2500 ἐτελεύτα
596 2436 636 2519 (c.
665 2435 748 2519 102).
1317 2506 1319 2510 y

248 2549 406 2632 Sequenti
436 2553 548 2614 autem
581 2551 690 2614 hieme
722 2549 953 2614 Ambraciotae
980 2547 1080 2634 Olpas
1104 2556 1266 2635 occupant
1294 2557 1327 2618 et

202 2662 336 2746 Argivis
369 2662 493 2727 auxilio
524 2665 667 2727 veniunt
698 2662 897 2742 Acarnanes,
923 2661 1144 2730 Demosthene
1168 2668 1324 2733 arcessito

204 2775 243 2858 (c.
281 2776 367 2860 105).
403 2775 471 2840 Nec
508 2777 614 2840 multo
649 2782 720 2860 post
755 2778 939 2859 Eurylochi
971 2779 1132 2843 exercitus
1156 2780 1198 2842 ad
1222 2778 1325 2863 Olpas

201 2891 389 2973 profligatus
412 2894 469 2967 est,
494 2888 725 2954 Ambraciotae
752 2895 875 2970 autem,
899 2892 968 2974 qui,
993 2893 1095 2957 socios
1119 2913 1195 2958 suos
1218 2896 1324 2959 victos

200 3004 401 3086 ignorantes,
437 3002 573 3082 barbani
609 3006 825 3085 advenerunt,
858 3007 920 3070 susi
955 3011 988 3070 et
1014 3010 1139 3072 maiore
1162 3029 1204 3073 ex
1228 3015 1323 3093 parte

201 3118 308 3181 necati
334 3122 412 3182 suut
438 3118 476 3198 (c.
502 3120 589 3202 112).

236 3415 262 3478 l)
281 3414 333 3476 περῖ
348 3415 497 3465 Ναύπακτον
514 3416 556 3465 καὶ
571 3418 605 3465 τὰ
620 3415 698 3478 χώρα
716 3419 805 3467 ταῦτα.

234 3507 260 3572 2)
285 3522 307 3559 0.
327 3508 382 3572 102,
399 3509 428 3560 4:
446 3509 487 3557 nal
507 3507 627 3570 πέμπουσι
645 3509 702 3570 μετ’
720 3507 795 3558 αὐτοῦ
814 3507 916 3559 ἐπὶτῶν
933 3515 988 3559 νεῶν
1005 3514 1101 3572 χιλίους
1118 3513 1229 3570 ὁπλίτας.
1251 3513 1322 3578 Quas

201 3613 279 3652 naves
303 3613 355 3651 non
376 3598 457 3652 inisse
480 3598 663 3663 Athenienses,
687 3598 743 3653 inre
767 3599 903 3653 contendit
921 3599 993 3666 M.S.,
1013 3600 1039 3654 id
1057 3602 1126 3654 enim
1143 3602 1323 3672 Thucydidem

200 3689 351 3743 additurum
374 3690 464 3743 fuisse.
488 3691 595 3745 Classen
614 3693 702 3744 autern
720 3691 836 3759 ipsorum
856 3691 1020 3746 Acarnanum
1038 3709 1081 3746 eas
1099 3693 1188 3759 inisse,
1208 3693 1323 3748 arbitra-

200 3784 258 3846 tur;
276 3782 318 3834 cui
334 3781 416 3835 obicit
433 3781 506 3846 M.S.‚
524 3782 623 3836 nnllam
642 3799 752 3852 usquam
772 3782 936 3837 Acarnanum
953 3785 1057 3838 navium
1076 3785 1133 3838 fieri
1151 3787 1322 3854 mentionem,

200 3872 234 3927 ob
250 3872 368 3926 additum
385 3875 474 3927 autern
490 3874 631 3928 articulum
648 3873 770 3943 intellegi
788 3874 898 3929 classem
913 3877 975 3929 ante
990 3879 1322 3948 commemoratamiqnam

199 3963 232 4017 ob
249 3979 304 4018 rem
322 3965 524 4034 Corcyraeorum
542 3965 665 4019 triremes
679 3965 738 4018 illas
748 3965 896 4035 quindecim
906 3967 1048 4036 significari
1057 3968 1213 4036 suspicatur.
1225 3969 1262 4023 At
1272 3969 1321 4025 hae

199 4059 251 4111 iarn
278 4057 398 4111 abierant
423 4061 456 4124 (c.
481 4059 520 4120 95,
545 4058 579 4123 2),
602 4074 686 4126 neque
706 4057 817 4111 articulo
836 4074 866 4112 eo
884 4058 995 4113 indicari
1013 4062 1144 4128 poterant,
1162 4060 1207 4115 sed
1226 4077 1322 4116 nomen

197 4148 344 4202 adscribere
362 4147 497 4203 debuisset
515 4151 613 4203 auctor.
632 4149 686 4202 Aut
703 4149 794 4217 igitur,
812 4149 911 4217 opinor,
931 4153 1052 4218 corrupta
1067 4153 1130 4204 sunt
1144 4150 1223 4205 verba
1237 4154 1265 4206 et
1274 4168 1324 4221 pro

198 4246 244 4290 τῶν
260 4255 353 4294 nomen
370 4241 502 4308 proprium
519 4239 658 4309 legendum
677 4242 718 4294 est
737 4241 779 4294 vel
797 4259 870 4306 τινων,
889 4243 935 4295 aut
955 4241 1034 4310 (quod
1050 4242 1230 4310 verisimilius)
1240 4243 1320 4298 Acar-

195 4347 292 4385 nanum
317 4348 396 4386 naves
423 4335 485 4386 sunt
511 4332 703 4402 intellegendae
730 4335 757 4386 et
784 4333 911 4387 articulus
937 4333 1098 4398 pronominis
1123 4336 1270 4402 possessivi,
1289 4339 1321 4390 ut

195 4424 300 4488 assolet,
332 4424 412 4478 habet
444 4425 505 4477 vim.
534 4424 602 4490 Quid
627 4427 716 4479 autem
743 4424 841 4488 obstat,
868 4425 1007 4495 quominus
1033 4426 1213 4482 Acarnanibus
1239 4444 1319 4483 naves

196 4515 328 4569 onerarias
346 4515 428 4571 luisse
445 4515 603 4571 credamus?
