3324 5392
837 1781 924 1857 VII.

363 1993 411 2057 Dc
442 1991 623 2074 Mytilenae
653 1993 832 2058 defectione
866 1992 1164 2076 (Thukydideische
1189 1993 1433 2076 Forschuugen,

406 2125 439 2188 p.
465 2105 640 2190 stc-243).

363 2292 401 2356 In
437 2294 498 2357 hoc
528 2293 624 2371 libro,
655 2312 755 2376 quem
788 2293 891 2358 edidit
922 2294 1001 2357 M.S.
1034 2312 1122 2357 anuo
1157 2295 1251 2373 1881,
1274 2293 1435 2376 plurimos

319 2408 485 2490 scriptoris
516 2408 603 2471 locos
627 2405 770 2472 difficiles
795 2409 960 2484 tractavit,
985 2408 1098 2472 eodem
1124 2409 1230 2486 modo,
1255 2427 1321 2490 quo
1347 2426 1435 2470 anno

320 2521 405 2584 1879
428 2521 465 2583 in
489 2519 746 2603 Gymnasiorum
767 2520 1015 2586 Austriaoorum
1037 2519 1241 2599 Annalibus3
1261 2522 1316 2585 sed
1329 2521 1436 2584 maior

319 2635 391 2698 eius
413 2653 488 2717 pars
511 2635 551 2698 de
574 2635 672 2698 Lesbi
695 2634 878 2699 delectione
903 2635 982 2717 agit.

362 2747 434 2810 Iam
457 2747 594 2832 pridem,
614 2769 701 2814 anno
724 2751 818 2828 1873,
832 2749 1091 2832 „suppressionis
1103 2746 1195 2812 veri''
1210 2747 1435 2828 Thucydidem

319 2867 531 2926 accusaverat
555 2868 588 2926 et
608 2865 713 2926 resin
734 2863 875 2927 Thracia
886 2867 992 2946 gestas
1004 2881 1079 2926 eum
1093 2862 1242 2927 consulto
1256 2861 1436 2944 neglexisse

319 2977 533 3040 contenderat
546 2977 581 3060 ¹).

363 3087 453 3170 Quas
478 3089 701 3153 accusationes
721 3089 922 3171 Thucydidis
941 3089 1106 3153 cultorum
1119 3089 1249 3153 animos
1261 3089 1433 3152 vehemen·
1465 3125 1469 3134 ·

322 3207 372 3266 ter
406 3203 613 3285 percussisse,
645 3203 739 3266 facile
762 3203 984 3285 intellegitur:
1009 3210 1043 3266 at
1067 3201 1195 3266 etiamsi
1219 3187 1331 3267 omnia
1355 3221 1436 3265 vera

320 3320 437 3393 essent,
473 3333 558 3398 quae
593 3315 670 3379 M.S.
705 3316 741 3377 in
772 3316 880 3398 primo
906 3334 1002 3398 opere
1025 3315 1203 3397 perhibuit,
1229 3335 1296 3380 non
1322 3319 1435 3378 tamen

319 3449 453 3494 omnem
490 3431 588 3493 fidem
620 3429 693 3494 ideo
726 3430 878 3494 historico
908 3430 1059 3512 abrogari
1083 3448 1212 3494 necesse
1236 3434 1316 3494 erat.
1340 3427 1437 3492 Nunc

319 3542 419 3607 aliter
440 3562 491 3606 res
514 3562 548 3606 se
572 3543 679 3621 habet,
699 3561 778 3605 nam
798 3543 826 3605 si
847 3543 935 3606 iusta
954 3543 1096 3606 crimina
1122 3543 1337 3620 suntomnia,
1349 3561 1436 3626 quae

320 3654 525 3737 vituperavit
541 3655 577 3717 in
589 3655 791 3737 Thucydidis
803 3655 842 3718 (11
854 3655 1071 3736 Mytilenaeis,
1085 3655 1124 3719 de
1135 3655 1384 3720 Plataeensibus
1398 3657 1436 3739 ⁹),

318 3767 357 3830 de
392 3765 583 3849 Corcyraeis
595 3764 619 3851 ³)
653 3769 909 3846 narrationibus,
943 3769 1029 3831 nihil
1062 3770 1139 3833 huic
1163 3770 1312 3852 scriptori
1334 3771 1436 3834 credi·

318 3878 401 3943 disse
425 3879 525 3944 satius
548 3878 648 3944 fuerit
655 3905 664 3959 3
689 3881 734 3944 sio
759 3899 844 3958 vero,
870 3881 949 3944 dum
975 3901 1025 3944 res
1046 3886 1080 3944 et
1100 3883 1336 3946 homiuesaevi
1349 3881 1437 3946 Thu·

319 3993 447 4073 cydidei
478 4012 669 4077 cognoscere
700 4013 870 4070 conamur,
902 3998 1057 4076 perpetuo
1081 3994 1148 4058 fere
1171 3995 1283 4078 inopes
1307 3995 1437 4059 consilii

319 4105 451 4184 crimus,
475 4124 542 4188 quo
565 4125 626 4170 nos
650 4112 825 4185 vertamus,
852 4125 918 4169 non
945 4107 1111 4170 habentes.
1137 4107 1222 4171 Tum
1247 4128 1315 4172 nou
1341 4109 1437 4174 modo

319 4237 396 4282 cum
427 4218 584 4283 Visohcro
617 4216 872 4284 exclamandum
904 4220 983 4283 erit:
1015 4220 1115 4298 „Also
1139 4221 1353 4302 Thukydides
1379 4223 1437 4286 hat

353 4429 380 4494 l)
398 4427 532 4494 Aristoph.
548 4445 573 4481 u.
591 4428 616 4482 d.
634 4428 705 4482 Hist.
723 4428 794 4482 Krit.
811 4444 836 4497 p.
853 4430 903 4482 466
922 4444 980 4498 sqq.

353 4520 380 4587 2)
399 4519 459 4574 Vid.
473 4519 544 4574 infra
561 4535 615 4590 cop.
632 4520 665 4574 X.
1026 4525 1029 4530 '

351 4612 379 4682 3)
397 4611 455 4666 Vid.
473 4612 543 4668 infra
564 4627 619 4684 cap.
636 4611 683 4668 XI.
