3046 5214
786 358 848 420 126

254 541 383 604 nienses
418 547 449 604 et
484 539 683 622 Corcyraeos
716 541 861 605 vinclum
884 541 1020 624 aliquod
1044 541 1193 604 extitisse
1216 545 1250 604 et
1276 539 1386 602 Athe·

255 676 371 719 narum
406 656 490 733 odio,
527 664 564 720 ιιι
594 655 786 720 Corinthios
818 657 1027 738 adiuvarent,
1057 656 1206 720 inductos
1230 665 1300 718 esse
1328 674 1386 718 eos

255 770 399 851 populos.
435 767 528 849 Quae
559 775 667 834 tamen
702 771 889 852 hypothesis
919 767 1177 852 Corcyraeorum
1203 775 1237 831 et
1261 767 1384 833 Corin·

256 884 396 947 tbiorum
419 885 625 947 orationibus
647 903 777 966 prorsus
800 883 957 947 diluitur:
983 881 1008 960 I,
1034 885 1085 960 32,
1114 884 1142 960 1,
1167 881 1240 958 μήτ’
1262 882 1383 962 εὐεργε-

254 995 320 1068 σίας
344 996 482 1073 μεγάλης
506 996 583 1072 μήτε
605 993 790 1076 ξυμμαχίας
814 995 1072 1078 προυφειλαμένης,
1095 994 1121 1073 l,
1142 998 1195 1072 40,
1222 999 1247 1072 Ι,
1268 1004 1384 1076 Κορκυ-

253 1110 338 1190 ραίοις
369 1110 400 1173 δὲ
427 1110 490 1174 οὐδὲ
513 1110 549 1174 δι’
573 1110 728 1189 ἄνοαωχῆς
750 1109 862 1175 πώποτ’
888 1109 1028 1188 ἐγένεσθε,
1052 1111 1077 1187 Ι,
1103 1111 1155 1188 37,
1180 1111 1210 1192 8,
1234 1107 1318 1189 Φασὶ
1345 1109 1383 1182 δὴ

254 1220 438 1302 ξυμμαχίαν
461 1222 509 1286 διὰ
532 1223 564 1287 τὸ
588 1227 700 1304 σῶφρον
724 1224 834 1296 οὐδενός
858 1246 904 1286 rru
928 1219 1077 1296 δέξασθαι.

299 1337 395 1418 Quod
429 1344 539 1402 autem
571 1359 591 1401 a
623 1340 801 1404 lectoribus
832 1339 998 1402 hodiernis
1022 1358 1074 1402 res
1096 1339 1210 1421 aliqua
1233 1357 1301 1400 non
1330 1338 1384 1400 in·
1448 1325 1450 1328 ’

254 1453 441 1535 tellegatur‚
478 1453 553 1516 inde
588 1454 673 1515 nihil
709 1454 875 1536 probatur.
908 1452 992 1516 Nam
1024 1452 1052 1514 si
1077 1472 1103 1517 e.
1117 1471 1148 1535 g.
1174 1451 1250 1515 libri
1276 1451 1383 1532 primi

254 1569 364 1649 capita
400 1568 528 1629 ιιι-26
565 1568 747 1650 periissent,
785 1568 859 1651 quis
888 1567 1053 1649 explicare
1084 1571 1199 1650 posset,
1230 1583 1290 1628 cur
1315 1561 1383 1628 Co·

255 1681 384 1757 rintbii,
409 1682 466 1764 qui
486 1681 696 1762 optimatium
715 1682 852 1764 imperio
866 1682 1056 1757 utebantur,
1069 1677 1267 1761 Epidamnio
1281 1679 1383 1741 demo

254 1794 381 1857 auxilio
417 1795 549 1871 iverint,
585 1793 731 1876 Corcyra
767 1814 855 1870 vero,
888 1795 945 1859 ubi
977 1813 1077 1878 penes
1108 1791 1280 1877 populares
1304 1801 1384 1856 erat

255 1926 381 1971 summa
417 1913 568 1988 potestas,
604 1909 646 1971 ab
681 1908 889 1990 optimatium
920 1908 1046 1971 steterit
1077 1905 1191 1990 parte?
1221 1903 1315 1985 Quis,
1344 1915 1385 1971 ιιι

254 2021 346 2085 aliud
378 2021 508 2084 laudem
540 2021 737 2103 exemplum,
762 2021 918 2086 hodierna
943 2021 1094 2103 Europae
1118 2020 1258 2083 historia
1280 2019 1385 2098 lecta,

255 2137 289 2197 in
323 2155 388 2218 qua
418 2136 556 2198 foederis
585 2135 724 2218 triplicis
748 2134 843 2198 nulla
865 2133 952 2198 iacta
975 2140 1057 2198 esset
1081 2133 1217 2210 mentio,
1240 2152 1381 2198 cansam

256 2249 441 2330 excogitare
465 2253 580 2330 posset,
604 2269 662 2313 cur
685 2247 806 2326 Russii‚
830 2268 904 2313 cum
929 2247 1049 2312 multas
1073 2248 1184 2330 copias
1207 2266 1309 2330 prope
1335 2248 1384 2312 ab

160 2420 164 2429 .
258 2362 451 2424 Austriacae
494 2362 615 2424 finibus
658 2362 908 2439 contraxissent,
944 2382 1009 2425 non
1044 2365 1153 2425 tamen
1190 2361 1386 2442 inceperint

256 2474 402 2539 bellum?

301 2590 416 2653 Simile
447 2595 494 2654 est
526 2588 678 2654 Muelleri
708 2590 869 2655 iudicium
894 2590 1028 2655 deloco
1052 2589 1163 2653 vicino
1188 2587 1226 2671 (Ι,
1252 2589 1305 2665 88,
1333 2588 1383 2672 3),

256 2705 313 2768 ubi
350 2703 556 2785 Thucydides
591 2711 713 2782 narrat,
749 2702 949 2786 Corcyraeos
979 2703 1116 2766 arbitrio
1148 2700 1274 2765 oraculi
1301 2699 1383 2765 Del-

255 2817 353 2900 pbici,
379 2818 473 2899 ,quod
498 2818 702 2899 Epidamniis
726 2818 858 2881 favebat
883 2818 923 2890 (c.
948 2818 999 2893 25,
1029 2817 1057 2898 l)
1082 2835 1148 2880 rem
1173 2816 1384 2879 committere

256 2930 407 2993 voluisse.
432 2930 501 2993 Hoc
524 2931 703 2994 absurdum
728 2937 824 2994 vocat
846 2926 935 3007 Mb„
960 2929 1087 2993 nullam
1107 2929 1195 2992 enim
1216 2945 1383 3009 apparere

256 3062 396 3120 causam,
431 3063 490 3106 cur
524 3045 678 3125 Pythiam
711 3064 801 3108 nunc
831 3045 922 3108 adire
955 3044 1132 3117 voluerint,
1157 3059 1238 3124 quos
1261 3045 1382 3122 postea

256 3159 354 3220 annis
379 3159 440 3221 427
467 3165 500 3220 et
523 3159 586 3220 410
611 3178 631 3220 a
653 3156 806 3222 Dodonae
825 3156 1044 3223 sacerdotibus
1056 3156 1232 3221 consilium
1244 3154 1384 3237 petiisse

256 3273 395 3334 sciamus
409 3269 444 3354 Ι).
1308 3282 1311 3289 ’

302 3385 346 3447 Αι
381 3405 494 3448 nonne
525 3385 628 3448 latere
657 3387 767 3468 potuit
789 3384 991 3467 Corcyraeos
1015 3384 1184 3448 oraculum
1207 3383 1251 3447 ab
1277 3381 1381 3465 Apol-

257 3495 325 3562 line
366 3499 524 3581 Delpbico
559 3499 765 3581 Epidamniis
799 3497 935 3563 datum?
968 3497 1087 3562 Nonne
1121 3497 1281 3562 credibile
1318 3503 1381 3576 est,

259 3613 346 3696 quod
381 3632 454 3675 cum
485 3611 619 3674 Graecis
648 3612 711 3675 sibi
743 3618 909 3690 recesset,
936 3611 1092 3695 Delphico
1115 3612 1174 3675 deo
1197 3629 1265 3674 rem
1291 3629 1381 3675 com·

258 3727 387 3789 mittere
410 3745 464 3789 eos
488 3723 662 3788 maluisse?
685 3725 803 3789 Nonne
825 3727 895 3791 fieri
921 3727 1038 3809 potuit,
1062 3733 1101 3790 ιιι
1125 3721 1247 3808 Pythia
1270 3725 1314 3788 ab
1337 3725 1381 3791 iis

259 3847 336 3903 tuno
359 3844 441 3902 esset
464 3844 619 3922 corrupta
631 3837 678 3922 2)i

301 3953 475 4016 Praeterea
494 3953 571 4016 Mb.
589 3955 735 4030 miratur,
749 3953 1023 4019 Lacedaemonios
1035 3954 1118 4017 nihil
1133 3954 1255 4032 iecisse,
1267 3972 1380 4038 neque

293 4263 319 4325 1)Ι
336 4259 409 4313 Duae
427 4262 567 4325 supersunt
585 4258 697 4314 laminae
715 4260 859 4329 plumbeae,
877 4262 973 4330 quibus
992 4265 1079 4316 Iovem
1097 4261 1266 4316 Dodonaeum
1285 4277 1381 4316 consu-

257 4351 364 4405 luerunt
391 4353 526 4420 Corcyraei
546 4351 659 4414 (bonuz,
675 4353 937 4419 Dialectinscbriiten
959 4355 1022 4409 1562
1040 4358 1069 4408 et
1089 4356 1169 4422 1563).
1187 4355 1227 4409 Cf.
1244 4357 1272 4408 in
1288 4354 1380 4409 Fleck.

258 4444 326 4496 Ann.
348 4444 411 4498 1888
428 4443 603 4497 Pomtowium
620 4445 701 4508 „iiber
717 4445 759 4499 dic
777 4446 1021 4502 orakolinschriften
1039 4462 1090 4502 von
1108 4447 1241 4503 Dodona”
1398 4455 1401 4464 '

292 4536 318 4602 2)
333 4535 374 4590 Ci.
392 4535 472 4589 Thuc.
491 4535 522 4600 V,
542 4537 582 4603 16,
600 4537 623 4590 8.
642 4538 694 4592 Cio.
709 4537 742 4592 de
760 4537 837 4592 divin.
855 4541 888 4600 Il,
906 4540 947 4594 57.
