3328 5396
749 467 788 530 91

252 654 303 720 acl
330 653 365 728 tl
389 655 480 721 τοίνυν
502 657 603 737 πρῶτον
625 652 751 720 διδάσκοι
774 651 847 733 ροιόον
870 649 978 734 ὀρνίθων
1001 647 1085 714 πόλιν
1109 642 1191 712 εἷνοιι·
1266 648 1327 712 550

252 767 380 834 κᾶπειτοι
396 769 445 834 τὸν
465 767 538 851 οἰε’ροι
557 767 659 834 ποὶντοι
678 767 774 849 κύκλῳ
793 765 846 832 acl
866 771 927 830 ποῖν
950 762 1030 829 τουτὶ
1050 764 1083 828 τὸ
1103 757 1220 841 μεταξὺ

251 882 450 966 περιτειχιῖειν
473 881 625 962 μεγάλοις
648 881 775 956 πλίνθοις
798 883 905 954 tarcis
928 877 1018 961 ὥςπερ
1042 876 1216 955 Βοοβνλῶνοο.

206 1129 351 1193 quocum
386 1109 458 1174 loco
493 1105 619 1172 confert
653 1103 731 1170 Ma.
763 1106 867 1170 Thuc.
900 1101 944 1182 II,
981 1104 1032 1180 ts,
1058 1104 1092 1167 l:
1127 1098 1330 1183 περιετείχιζον

206 1222 260 1296 τὴν
294 1221 378 1287 πόλιν
412 1220 551 1302 κύκλῳ..
567 1269 596 1284 ..
632 1218 744 1302 τοὶΦρος
778 1219 804 1283 δ’
841 1217 920 1290 ἐντὸς
954 1211 987 1291 ἦν
1016 1213 1068 1281 aa}
1099 1211 1198 1292 ἔξωθεν
1233 1211 1267 1290 ἐξ
1297 1209 1332 1289 ἧς

206 1334 436 1402 ἕπλινθεύοοιντο.

251 1452 427 1515 Praemisit
450 1449 527 1514 ΜΒ.
555 1448 817 1512 observationem
843 1447 944 1509 hanc:
971 1445 1065 1522 „dass
1088 1445 1146 1509 das
1168 1445 1214 1507 im
1241 1445 1330 1509 thea-

209 1571 258 1629 ter
289 1562 521 1630 versarnmelte
557 1562 734 1626 Publioum
769 1565 859 1624 soust
889 1559 1031 1644 jegliohe
1067 1561 1151 1624 noch
1186 1577 1221 1624 so
1252 1559 1331 1624 leisc

208 1679 432 1762 anklingenda
468 1677 686 1741 litterarische
721 1675 919 1758 auspieluug
953 1675 1130 1758 gleichsam
1165 1676 1211 1736 im
1245 1675 1331 1758 ssuge

206 1792 376 1855 erhaschtc
402 1791 469 1860 und
494 1786 667 1854 varstand”
690 1790 730 1872 (p.
755 1789 842 1870 838).
863 1787 952 1852 Num
974 1792 1085 1852 tamen
1108 1807 1223 1852 omncs
1243 1795 1331 1871 spec·

208 1911 329 1970 totores
353 1905 406 1969 vel
432 1905 538 1968 maior
557 1923 670 1969 eorum
690 1921 767 1986 pars
786 1919 903 1967 omues
914 1903 1157 1985 tragoediarum
1172 1917 1329 1967 versuum

206 2017 384 2082 derisiones
418 2017 654 2094 intellexerint,
686 2016 802 2082 dubito
833 2019 866 2079 st
897 2021 1071 2099 propterea
1095 2016 1235 2080 comicos
1260 2020 1329 2079 tam

207 2131 351 2196 diversas
383 2131 517 2195 facetias
539 2131 575 2193 in
600 2131 786 2194 comoedias
809 2145 886 2192 suas
909 2129 1078 2194 admisisse
1102 2130 1228 2212 opinor.
1253 2128 1329 2194 Non

208 2244 387 2308 eorundem
412 2249 484 2308 erat
504 2244 676 2308 hominum
696 2243 738 2307 ob
756 2261 874 2326 penem
897 2240 1067 2306 facticium
1088 2243 1194 2307 ridere
1212 2247 1245 2307 ct
1266 2246 1330 2306 tra·

206 2359 396 2442 goediarum
420 2358 501 2422 locis
523 2357 632 2441 lepide
657 2357 815 2420 traductis
839 2357 1007 2421 delectari.
1033 2356 1095 2420 Sed
1116 2376 1154 2421 so
1175 2358 1330 2422 acumine

207 2491 315 2551 nemo,
347 2472 475 2554 opinor,
507 2471 571 2534 fuit
593 2471 681 2534 inter
703 2473 909 2553 spectatores,
935 2474 982 2549 ut,
1005 2489 1083 2534 cum
1108 2468 1232 2535 Avium
1258 2489 1329 2534 ver·

208 2605 262 2650 sus
292 2586 432 2664 audiret,
464 2583 670 2667 Thucydidei
699 2584 762 2648 loci
785 2583 821 2646 iu
847 2587 994 2648 mentem
1020 2584 1051 2668 ei
1076 2585 1204 2648 veniret
1225 2589 1258 2648 et
1281 2585 1331 2648 ibi

208 2719 340 2784 quoque
365 2699 466 2764 verba
489 2695 586 2779 κύκλῳ
609 2695 808 2778 περιτειχίζειν
832 2713 1003 2763 occurrere
1028 2697 1236 2782 laterumque
1257 2700 1330 2764 deri
1404 2717 1411 2728 ·

209 2811 413 2878 mentionem
445 2813 681 2878 recordaretur.
715 2813 751 2876 Si
782 2831 915 2876 murum
947 2812 1057 2892 illum,
1088 2831 1154 2897 quo
1178 2813 1330 2878 Plataeas

208 2927 459 2992 circumdedisse
486 2927 740 3010 Peloponnesios
764 2931 878 2990 narrat
901 2925 1120 3008 Thucydides,
1144 2927 1330 3012 significare

209 3040 365 3105 voluisset
394 3044 500 3123 poeta,
516 3111 518 3117 y
533 3040 582 3103 ita
611 3039 645 3102 id
674 3039 811 3119 fecisset,
837 3037 1045 3122 utquisque,
1070 3042 1254 3106 narrationi
1276 3041 1330 3104 illi

207 3155 317 3236 ipsum
349 3154 513 3218 comicum
546 3173 612 3218 non
645 3154 785 3230 credere,
813 3153 892 3217 inde
923 3160 1141 3238 cognosceret,
1169 3173 1231 3219 nec
1255 3173 1331 3220 vero

208 3267 313 3331 solitis
338 3267 435 3332 modo
458 3267 654 3332 aedificandi
677 3268 786 3332 verbis
809 3286 886 3331 usus
910 3273 1003 3333 esset.

253 3377 374 3445 Versus
397 3385 507 3445 antem
535 3382 620 3444 1167
642 3387 675 3446 at
693 3381 826 3446 solitam
848 3382 1103 3466 explicationem
1118 3387 1151 3447 et
1164 3381 1330 3466 Blaydesii

211 3493 297 3576 („his
321 3495 431 3558 verbis
455 3495 590 3559 fortasse
614 3493 867 3560 Atheniensium
892 3492 944 3566 rho
963 3492 1138 3575 χοιννότιρτοι
1158 3494 1330 3582 ᾱοτὶιίοτὶ”)

208 3607 350 3671 insulsas
381 3624 448 3672 esse
472 3609 564 3672 ducit
588 3609 666 3674 Ms.
692 3608 782 3673 Num
805 3613 919 3673 tamen
943 3609 1013 3692 ipse
1038 3611 1121 3674 bene
1144 3611 1330 3695 explicave-

209 3720 255 3784 rit
270 3721 396 3800 locum,
417 3721 570 3787 dubitare
591 3722 706 3787 audeo.
720 3719 829 3786 Verba
844 3727 960 3806 poetae
976 3727 1070 3788 sunt:
1083 3719 1134 3788 loa
1145 3722 1204 3804 γὰρ
1215 3723 1330 3799 ἀληθῶς

207 3831 351 3914 malvera!
372 3831 589 3913 crededisset,
615 3855 700 3918 quae
724 3836 804 3900 dicit
827 3837 1025 3914 Pisctaerus,
1048 3843 1223 3920 postquam
1245 3857 1331 3902 nun-

208 3947 276 4010 tius
299 3949 478 4026 enarravit,
502 3949 666 4030 quomodo
693 3949 783 4013 urbis
808 3969 943 4012 murum
969 3950 1218 4014 aedificaverint
1242 3971 1330 4016 aves.

252 4059 420 4142 Quoniam
455 4066 568 4125 autem
606 4081 714 4145 neque
749 4063 963 4128 Demostheni
998 4064 1039 4127 ad
1062 4064 1184 4146 Pylum
1209 4064 1329 4151 (Thuc.

210 4175 272 4251 IV,
308 4177 339 4252 t,
376 4176 407 4258 2)
452 4193 559 4257 neque
600 4176 719 4240 avibus
760 4177 983 4241 instrumenta
1026 4182 1153 4261 praesto
1197 4179 1331 4244 fuerunt

208 4284 387 4380 (αὐτόχειρες
423 4307 455 4350 v.
483 4288 590 4371 1135),
615 4288 670 4352 sed
695 4289 818 4353 milites
841 4289 892 4352 illi
916 4291 1073 4355 manibus
1097 4296 1170 4376 post
1193 4293 1327 4357 dorsum

209 4403 332 4465 iunctis
363 4401 485 4465 calcem
520 4421 650 4465 sursum
684 4403 835 4466 tulerunt
866 4408 898 4466 et
918 4403 1072 4468 avessimo
1093 4405 1141 4470 rto
1162 4405 1330 4484 ὑποιγοιγέοι

207 4512 338 4579 ἐπέτοντ’
370 4511 491 4594 ἔχονοοιι
523 4512 645 4579 κοιτάπιν
670 4516 713 4598 (v.
741 4517 849 4600 1149),
874 4523 1047 4600 propterea
1069 4520 1146 4602 Pyli
1171 4522 1327 4586 munitio·

207 4649 284 4694 nem
309 4629 456 4694 derisisse
478 4633 621 4714 poetam,
645 4630 829 4713 suspicatur
853 4631 1048 4699 Muellerus.
