3046 5214
752 301 793 363 42

207 486 379 568 nysiorum
410 487 577 551 Maiorum
600 486 682 550 festo
706 487 865 551 convenit
877 485 914 568 ¹).
939 483 1060 550 Nonne
1079 483 1183 569 igitur
1204 503 1251 549 ex
1275 485 1341 550 hoc

207 598 278 663 loco
302 600 427 663 efficere
451 600 539 676 licet,
565 601 625 664 hoc
648 600 730 664 festo
753 605 879 664 creatos
903 618 972 664 esse
994 604 1151 682 strategos
1163 596 1212 681 ⁹)P

250 712 317 776 Ubi
342 713 541 776 Muellerum
565 714 714 777 refellere
738 720 879 777 conatur
901 711 1079 791 Gilbertus,
1100 731 1220 794 parum
1234 711 1339 774 firma

206 827 492 909 argumentatione
524 827 572 889 uti
600 827 685 888 mihi
711 826 844 890 videtur
869 826 921 888 vir
943 825 1098 889 eximius.
1123 823 1236 888 Unam
1263 843 1337 887 sen·

206 940 356 1017 tentiam,
381 939 468 1003 uude
491 940 570 1002 satis
595 940 628 1003 id
653 959 810 1022 apparere
834 940 985 1018 arbitror,
1011 937 1212 1003 exscribam:
1241 938 1338 1015 „Vor

206 1054 295 1117 allen
328 1051 458 1136 Dingen
491 1054 572 1118 aber
601 1054 645 1117 ist
673 1054 725 1118 bei
749 1055 807 1117 der
830 1054 1073 1135 Beurtheilung
1096 1052 1202 1116 dieser
1225 1053 1338 1135 Frage

205 1165 433 1243 isstzuhalteu,
470 1167 543 1230 dass
576 1167 634 1230 der
668 1165 946 1231 Normalzusteud
981 1167 1073 1230 eines
1107 1165 1240 1230 Staates
1277 1167 1338 1230 der

205 1280 346 1370 Frieden
381 1281 433 1357 ist,
470 1281 538 1343 und
571 1281 645 1344 dass
678 1280 830 1344 desshalb
865 1280 951 1344 auch
985 1280 1040 1344 die
1063 1280 1336 1362 Einrichtungen

205 1393 374 1457 desselben
419 1394 480 1456 mit
522 1392 705 1458 Riiclssicht
746 1394 805 1457 aul
843 1394 955 1458 diesen
992 1393 1137 1457 Zustand
1171 1393 1337 1476 getroffen

205 1504 371 1572 werden.”
407 1507 570 1590 Equidem
606 1507 758 1584 dixerim,
794 1508 873 1571 satis
908 1507 1065 1572 credibile
1088 1526 1166 1585 esse,
1189 1508 1226 1569 in
1252 1508 1339 1571 belli

205 1619 343 1685 ducibus
384 1621 546 1703 eligendis
587 1620 667 1684 belli
705 1639 837 1703 quoque
874 1621 1037 1684 rationem
1073 1620 1226 1703 aliquam
1264 1640 1337 1686 esse

205 1734 363 1798 habitam.

248 1972 287 2035 In
322 1971 499 2055 Equitibus
533 1992 664 2056 quoque
698 1973 838 2036 eandem
873 1972 1129 2050 festinationem,
1160 1991 1269 2055 quam
1297 1975 1336 2038 in

205 2085 475 2150 Acharneusibus
498 2086 741 2168 deprehendere
760 2086 825 2150 sibi
844 2087 979 2150 videtur
991 2087 1034 2149 Μ.
1048 2086 1080 2149 S.
1096 2086 1140 2169 (p.
1156 2086 1218 2148 680
1232 2090 1336 2172 sqq).

204 2198 248 2262 At
271 2219 337 2262 nou
359 2200 442 2262 bene
462 2199 600 2263 chorum
621 2200 664 2281 (v.
679 2199 866 2282 551-580)
889 2199 1083 2282 explicuisse
1095 2218 1183 2278 eum,
1195 2200 1335 2265 demon·

204 2317 309 2376 strare
332 2313 485 2377 conabor.

524 2497 600 2563 innr'
625 2496 703 2574 ἄναξ
725 2498 869 2572 Πόσειδον,
895 2491 916 2578 ᾧ
1265 2500 1334 2564 551

515 2610 721 2694 χαλκοκρότων
746 2610 841 2676 ἵσταν
864 2611 974 2684 κτύπος
998 2635 1027 2677 κ.
1040 2635 1068 2675 τ.
1083 2611 1105 2674 ἑ.

514 2721 535 2790 ὦ
558 2726 705 2808 Γεραίστιε
727 2732 789 2790 παῖ
809 2724 911 2807 Κρόνου
1265 2729 1334 2793 561

515 2839 656 2922 Φορμόυνό
676 2864 710 2903 τε
732 2840 859 2920 Φόλτατ’
883 2839 917 2903 ἐκ

513 2958 569 3018 τῶν
593 2952 692 3018 ἄλλων
715 2978 748 3018 τε
771 2955 837 3018 θεῶν
864 2954 950 3028 ’Λόκ-

514 3067 599 3140 ναόονς
623 3068 690 3149 πρός
714 3068 746 3132 τό
771 3066 925 3150 παρεστός.

335 3182 493 3260 εὐλογῆσαι
517 3179 705 3259 βουλόμεσθα
728 3181 795 3254 τοὺς
820 3180 954 3263 πατέρας
977 3181 1071 3259 ἡμῶν,
1095 3180 1137 3245 ότι
1264 3184 1332 3248 565

335 3292 434 3375 ἄνδρες
458 3289 533 3369 ἦσαν
556 3295 646 3369 τῆσδε
668 3302 722 3369 τῆς
746 3303 803 3374 γῆς
826 3293 899 3371 όοξνον
922 3295 972 3360 καὶ
996 3299 1047 3360 τοῦ
1071 3294 1198 3370 πέπλον,

335 3405 433 3481 οἵτινες
457 3407 564 3489 πεζοῖς
588 3406 737 3488 μόχανσνν
760 3407 788 3472 ἔν
811 3433 844 3473 τε
867 3406 1045 3491 ναυφάρκτῳ
1069 3411 1184 3492 στρατῷ

336 3527 496 3603 πανταχοῦ
519 3526 649 3596 νικῶντες
673 3522 718 3588 ciel
741 3523 821 3596 τὴνδ’
847 3524 1017 3602 ἐκόσμησαν
1041 3523 1134 3590 πόλιν·

235 3761 260 3826 1)
278 3758 351 3814 nis.
369 3760 397 3814 in
411 3759 585 3814 Fleckeisenii
603 3760 669 3814 Anu.
690 3762 761 3816 1883.
780 3762 812 3815 In
826 3762 953 3830 temporis
968 3764 1060 3817 autem
1074 3763 1178 3818 ratione
1193 3763 1329 3835 Thucydi·

200 3850 259 3905 dem
277 3851 411 3905 imitatum
428 3867 486 3906 esse
503 3852 706 3921 Xenophontem
725 3852 849 3907 credibile
867 3858 916 3907 cst.

232 3944 257 4008 2)
275 3943 434 3998 Aristoteles
451 3944 515 3998 haec
533 3944 627 4000 floribit
646 3947 738 4010 (Ἀόκν.
757 3955 820 3999 Πολ.
838 3961 860 3999 e.
877 3948 932 4009 44)τ
951 3940 1043 3997 τοοοῦσο
1062 3946 1087 3997 δὲ
1105 3946 1147 3998 καὶ
1169 3947 1329 4015 [dedeima-

200 4035 277 4096 ρεσόας
301 4039 443 4096 στρατηγῶν
457 4037 601 4085 ...πονοῦσι
620 4033 641 4084 δ’
657 4037 682 4083 cl
696 4037 762 4096 μετόν
779 4037 822 4090 τὴν
840 4025 860 4093 ς’
868 4033 1049 4096 πρυτανεύοντος
1068 4033 1108 4099 ἐφ’
1127 4031 1157 4084 τόν
1175 4035 1203 4085 cb
1221 4035 1329 4099 εἷντκμόοι

199 4125 309 4189 γένηται.
335 4124 386 4177 Hic
411 4125 484 4178 locus
510 4124 609 4193 optime
637 4125 774 4179 confirmat
800 4125 921 4180 Muelleri
943 4126 1100 4195 opinionem,
1116 4127 1179 4180 ante
1196 4129 1329 4183 aestatem

200 4215 299 4270 electos
316 4231 373 4270 esse
391 4218 531 4286 strategos.

230 4307 373 4361 Electionis
390 4309 473 4377 igitur
489 4311 595 4376 tempus
613 4323 664 4360 non
683 4307 859 4362 constitutum
878 4310 943 4363 erat.
960 4310 1086 4365 Attamen
1105 4309 1268 4376 crediderim,
1278 4314 1326 4367 aut

195 4413 294 4452 morem
319 4402 365 4453 eut
390 4399 474 4468 legem
501 4400 675 4467 prohibuisse,
693 4400 831 4468 quominus
850 4401 949 4454 camin
973 4404 1102 4456 aestatem
1120 4402 1264 4468 differrent,
1283 4405 1327 4459 vel

194 4503 300 4560 prorsus
319 4491 483 4544 omitterent.
