3046 5214
784 344 824 405 36

242 535 330 609 (11511,
356 554 424 598 non
449 533 545 596 fuisse
568 536 746 614 strategum
772 531 988 606 Lamachum,
1012 550 1089 593 cum
1111 527 1224 593 lahula
1244 547 1367 591 scenae

242 650 418 714 commissa
456 652 514 723 est,
550 665 658 728 neque
693 646 727 707 in
765 645 933 708 comoedia
969 644 1103 727 strategi
1138 649 1248 726 partes
1283 662 1366 705 eum

242 765 354 848 egisse,
377 783 405 826 5.
419 783 449 825 v.
474 771 587 825 autem
618 762 681 823 575
706 760 909 823 efficiendum
938 757 1054 833 videri,
1080 757 1258 839 lochagum
1283 774 1366 818 eum

242 876 341 939 luisse
356 872 397 953 ¹);
421 875 446 937 si
471 879 582 937 autem
607 874 722 936 fuisset
745 878 917 955 strategus,
943 893 976 936 v,
999 870 1368 934 9641155156ιὶ5ἱηί-

242 994 346 1051 strum
371 987 543 1051 dominum
569 1006 666 1048 suum
693 986 916 1049 celebrantem
941 986 1014 1047 sine
1038 984 1137 1048 dubio
1162 1003 1235 1047 eam
1260 981 1368 1064 digni·

242 1107 344 1165 tatem
380 1104 718 1165 commemoraturum
756 1099 870 1177 luisse3
906 1118 1001 1162 versu
1040 1099 1183 1181 denique
1222 1095 1306 1159 1073
1346 1117 1369 1160 5

243 1215 393 1297 strategis
421 1214 592 1296 angustias
614 1213 777 1277 custodire
802 1231 877 1275 eum
903 1212 1068 1289 iubeatur,
1093 1211 1224 1274 nullum
1251 1230 1369 1293 super-

244 1347 312 1392 esse
344 1328 495 1407 dubium,
527 1327 608 1409 quin
638 1327 829 1390 interiorem
858 1325 1005 1409 aliquem
1030 1331 1142 1389 teneat
1166 1325 1295 1403 looum;
1319 1329 1370 1388 at-

244 1447 357 1506 tamen
383 1462 413 1504 v.
439 1442 501 1503 593
526 1460 603 1504 eum
629 1446 809 1523 strategum
835 1459 869 1503 se
895 1459 1014 1504 vocare
1036 1440 1143 1522 ipsum
1158 1440 1192 1520 ⁹).

288 1555 463 1637 Propterea
497 1555 638 1618 coniecit
673 1552 717 1616 M.
731 1553 773 1630 S„
810 1574 842 1616 v.
878 1554 1051 1616 593-619
1083 1553 1271 1617 comoediae
1286 1553 1367 1636 ‘iam

244 1668 405 1751 perfectae
439 1674 550 1750 postea
584 1667 710 1730 additos
733 1686 800 1731 esse
824 1667 948 1730 etalio
972 1685 1103 1750 quoque
1127 1665 1242 1729 attulit
1264 1685 1369 1749 argu·

244 1786 373 1846 menta:
408 1803 438 1844 v.
472 1781 534 1845 578
566 1782 632 1846 fere
656 1783 798 1845 eundem
824 1801 891 1846 esse
915 1801 953 1846 ac
976 1801 1007 1843 v.
1034 1782 1108 1858 593,
1133 1802 1164 1843 v.
1191 1781 1368 1844 790-799

243 1915 310 1960 non
346 1896 473 1959 differre
508 1914 528 1958 a
563 1915 592 1957 v.
630 1895 814 1971 693-695,
850 1898 922 1977 post
956 1915 987 1956 v.
1014 1896 1076 1957 593
1102 1900 1235 1978 repente
1259 1913 1370 1957 mores

244 2015 375 2072 mutare
398 2005 640 2090 Dicaeopolim:
661 2009 721 2091 qui
734 2009 824 2071 enim
839 2013 916 2071 ante
929 2009 1072 2092 ignavus
1084 2007 1366 2091 („Erzmemme'')

179 2109 181 2113 ¹
244 2128 335 2199 esset,
361 2143 451 2186 nunc
474 2127 613 2205 stratego
637 2123 761 2185 minari
785 2123 906 2185 audere
915 2147 923 2198 ;
950 2142 980 2186 v.
1007 2122 1069 2183 696
1095 2122 1278 2198 choreutas,
1307 2121 1368 2204 qui

244 2238 320 2300 inde
352 2258 372 2300 5
404 2258 434 2300 v.
468 2236 530 2299 577
563 2237 724 2300 discordes
754 2237 890 2300 fuissent
918 2242 950 2298 et
975 2235 1028 2300 vel
1055 2255 1173 2298 manus
1196 2254 1368 2300 conserere

245 2351 438 2433 coepissent,
474 2350 647 2432 derepente
684 2350 860 2413 unanimos
894 2349 995 2412 factos
1028 2347 1252 2432 pronuntiare,
1287 2353 1369 2412 νικᾶν

245 2464 470 2546 Dicaeopolim
496 2470 571 2526 τοῖσι
596 2461 705 2540 λόγοισι
728 2501 770 2510 -
794 2482 875 2546 quos
900 2483 966 2527 non
991 2463 1113 2526 dixerit
1121 2488 1129 2540 ;
1155 2483 1287 2526 versum
1303 2464 1367 2525 599

246 2578 348 2641 aliam
371 2578 577 2642 indutiarum
597 2597 731 2642 causam
751 2578 908 2660 praebere
924 2596 1025 2660 quam
1047 2578 1206 2641 dramatis
1217 2577 1368 2640 initium.

289 2690 365 2755 Non
397 2691 526 2755 difficile
558 2696 670 2754 autem
701 2697 771 2754 erat
793 2690 905 2773 plures
929 2709 1124 2754 enumerare
1149 2690 1368 2767 difficultates,

246 2824 328 2888 quas
359 2804 491 2888 collegit
522 2825 553 2865 v.
585 2804 749 2867 Leeuwen
780 2804 816 2866 iu
840 2803 972 2867 fabulae
996 2804 1151 2868 editionis
1175 2823 1253 2866 suae
1276 2822 1370 2886 prae·

246 2917 388 2981 latione:

292 3031 365 3093 Duo
396 3029 531 3111 phallici
564 3035 641 3092 sunt
671 3029 849 3111 prooemia,
882 3049 914 3092 v.
944 3029 1220 3112 9599435515
1245 3049 1278 3091 v.
1304 3029 1368 3090 953

247 3148 281 3206 51
316 3143 379 3208 959
415 3143 580 3206 simillimi
608 3149 702 3219 ‚sunt
739 3143 793 3205 Bis
822 3143 889 3206 fere
923 3143 1037 3206 eodem
1065 3143 1160 3207 modo
1183 3143 1222 3205 de
1247 3141 1370 3206 Cleone

247 3258 398 3340 queritur
421 3255 626 3340 Dicaeopolis
652 3257 727 3338 (377
749 3263 782 3320 51
810 3257 884 3341 509)
897 3282 905 3333 ;
927 3258 976 3321 515
988 3257 1174 3321 Lamachus
1186 3257 1221 3319 in
1235 3277 1367 3321 scenam

248 3370 364 3452 prodit,
390 3391 421 3431 v.
448 3371 510 3431 566
534 3379 566 3433 51
589 3390 621 3433 v.
651 3370 748 3448 1070,
770 3389 876 3452 neque
900 3390 932 3434 v,
959 3371 1021 3432 566
1045 3388 1114 3453 sqq.
1139 3365 1211 3433 cum
1235 3370 1370 3434 fabulae

250 3488 446 3566 argumento
469 3483 553 3547 hene
577 3484 764 3547 cohaerent.
788 3484 963 3547 Praeterea
986 3504 1017 3546 v.
1044 3483 1107 3547 579
1131 3483 1244 3546 5151151
1264 3502 1370 3546 arma·

249 3602 301 3659 tus
334 3596 473 3679 prosilit,
509 3615 542 3657 v.
575 3603 685 3660 autem
725 3596 806 3660 1079
830 3616 899 3680 sqq.
932 3597 1031 3680 longo
1060 3602 1208 3679 tempore
1233 3598 1264 3660 ei
1288 3616 1371 3678 opus

249 3715 305 3788 est,
345 3715 383 3772 ut
417 3729 511 3772 arma
545 3716 719 3793 praeparet
753 3715 786 3774 et
823 3708 1016 3790 τριχοβρῶτες
1052 3707 1118 3782 τοὺς
1153 3707 1262 3789 λόφους
1298 3711 1368 3772 iam
1471 3784 1474 3789 ,

249 3821 425 3905 κατέφαγον
459 3823 503 3906 (v,
530 3825 638 3908 llll),
677 3825 736 3907 qui
762 3829 873 3888 tamen
897 3845 927 3886 v.
955 3826 1039 3887 1169
1063 3825 1171 3888 denuo
1195 3829 1368 3907 apparent.

285 4157 311 4224 l)
328 4171 352 4208 v.
369 4155 498 4210 Leenweu
515 4154 549 4209 ad
567 4173 591 4210 v.
610 4157 667 4218 579,
687 4155 846 4210 taxiarchum
864 4173 923 4211 eum
942 4155 1024 4212 fuisse
1042 4156 1184 4213 existimat.

282 4247 310 4315 2)
328 4247 369 4300 Ad
388 4248 454 4301 hanc
472 4248 673 4316 discrepantiam
693 4249 868 4317 explicandam
886 4265 937 4303 non
957 4251 1027 4315 haec,
1042 4251 1140 4320 opinor,
1157 4252 1246 4320 potest
1262 4248 1373 4319 proferri

251 4339 413 4409 hypothesis,
430 4340 589 4393 Lamachum
606 4341 677 4394 inter
693 4357 717 4394 v.
736 4342 785 4395 593
803 4344 831 4394 51
848 4358 874 4395 v.
892 4344 963 4408 1073,
980 4343 997 4395 1.
1007 4359 1030 4397 5.
1046 4344 1117 4398 inter
1130 4343 1257 4414 Dionysia
1270 4343 1373 4397 Minora

251 4433 279 4484 et
300 4431 480 4498 Anthesteria‚
498 4447 548 4484 non
565 4431 662 4485 iterum
682 4431 794 4485 electum
813 4448 869 4487 esse
886 4433 927 4486 vel
944 4435 1129 4503 magistratum
1148 4436 1173 4489 ei
1190 4451 1246 4490 esse
1263 4434 1374 4504 abroga·

249 4525 319 4592 tum;
339 4526 414 4594 poeta
431 4524 509 4586 enim,
528 4524 551 4578 si
568 4524 622 4578 tale
640 4524 703 4594 qnid
718 4524 852 4592 voluisset,
864 4525 980 4596 [disertis
997 4527 1084 4582 verbis
1101 4527 1128 4582 id
1146 4527 1263 4584 dixisset.
