3046 5214
724 1725 791 1799 IV.

286 1943 334 2009 De
373 1947 586 2011 iureiurando
627 1967 685 2030 per
726 1944 921 2031 Neptunum
961 1949 1193 2031 (Fleckeisen’s
1228 1953 1328 2018 Jahr-

331 2061 454 2124 biicher
480 2059 589 2145 1878).

241 2247 355 2311 Altera
377 2268 450 2331 pars
474 2249 716 2330 disputationis,
741 2268 841 2330 quam
868 2250 928 2313 hoo
951 2268 1039 2314 anno
1063 2252 1191 2334 scripsit
1216 2253 1261 2316 M.
1276 2253 1323 2332 S„

197 2362 321 2444 optima
352 2363 424 2426 eius
456 2361 579 2445 ingenii
611 2363 746 2444 praebet
773 2363 966 2444 specimina,
990 2382 1090 2446 quam
1117 2366 1159 2428 ob
1183 2385 1322 2430 causam

196 2475 231 2537 in
256 2494 305 2554 ea,
330 2495 416 2559 quae
439 2476 479 2539 de
503 2495 594 2539 more
617 2495 675 2558 per
696 2475 889 2557 Neptunum
912 2477 1045 2540 iurandi
1066 2497 1106 2542 ex
1127 2477 1325 2562 Aristopha-

197 2588 248 2652 nis
269 2589 390 2653 fabulis
413 2590 493 2655 effici
518 2609 609 2672 posse
631 2591 811 2667 contendit,
835 2591 1004 2673 inquirere
1029 2593 1115 2656 volo.

241 2702 365 2787 Incipit
389 2724 409 2768 a
432 2706 521 2769 Plut.
547 2725 578 2767 v.
603 2705 676 2767 397.
703 2701 902 2786 Chremylus
925 2705 1062 2768 Plutum
1083 2707 1118 2769 in
1139 2726 1198 2770 sua
1217 2707 1320 2773 domo

110 2803 113 2809 ’
197 2837 264 2882 esse
301 2825 467 2882 asseverat
475 2845 484 2896 ;
518 2838 584 2882 non
616 2818 719 2882 credit
748 2818 994 2900 Blepsydemus.
1027 2817 1171 2897 „Verum
1204 2827 1322 2886 tamen

196 2931 344 3015 loquor.”
377 2929 575 3013 Chremylus
611 2932 702 2994 dicit.
745 2967 779 3001 -,
816 2929 965 3011 „Quidni
988 2931 1092 3015 igitur
1117 2932 1250 2996 iurasi’'
1274 2971 1323 2983 -

197 3044 264 3122 „At
286 3042 380 3109 iuro''
403 3044 601 3127 Chremylus
623 3045 733 3127 inquit
757 3042 811 3122 „ui
836 3043 884 3107 τὸν
907 3042 1067 3108 Ποσειδῶ.”
1089 3046 1175 3109 Tum
1196 3047 1323 3131 Blcpsi-

196 3160 321 3236 demus,
353 3161 411 3243 qui
434 3160 570 3223 alterius
594 3159 701 3223 verbis
725 3178 790 3222 non
814 3159 897 3236 fidit,
921 3165 1030 3242 rogat:
1055 3157 1125 3236 „cdv
1149 3158 1324 3225 Θαλασσιοα

196 3270 333 3352 aipein?
357 3270 466 3337 Huius
489 3293 603 3336 versus
627 3271 767 3336 difficilis
791 3273 936 3335 insulsas
959 3273 1101 3336 aliorum
1127 3272 1322 3356 explicatio·

196 3407 254 3452 nes
285 3389 411 3471 optimo
443 3389 516 3451 iure
548 3388 662 3451 reiecit
685 3388 729 3449 M.
742 3387 773 3449 S.
797 3386 917 3450 Nonne
942 3387 1031 3449 enim
1057 3392 1202 3470 praestat
1225 3385 1321 3471 igno·

196 3503 340 3565 cantiam
384 3503 534 3566 confiteri
577 3521 676 3584 quam
712 3501 794 3564 talia
828 3501 981 3582 proferre,
1017 3501 1131 3584 qualia
1166 3498 1320 3584 Bergler:

195 3616 282 3692 „nisi
313 3615 397 3679 forte
420 3623 592 3699 propterea
615 3615 650 3678 id
673 3615 811 3697 rogavit,
837 3614 916 3698 quia
939 3615 967 3676 si
992 3619 1127 3692 constet,
1152 3633 1229 3677 eum
1255 3634 1318 3697 per

196 3728 352 3794 θαλάσσιοι
376 3732 547 3807 iuravisse,
572 3729 722 3794 concludi
744 3729 855 3811 possit,
883 3728 1021 3790 Plutum
1046 3729 1116 3791 sive
1139 3747 1216 3810 opes
1239 3729 1319 3792 illas

195 3845 294 3909 fuisse
326 3846 410 3907 mari
434 3843 618 3921 advectas,''
644 3843 801 3926 qualiave
825 3843 969 3918 Donner,
994 3841 1120 3923 Seeger,
1146 3841 1318 3923 Droysen:

195 3963 315 4040 „putat
345 3958 582 4040 Blepsidemus,
614 3954 833 4036 Ohremylum
856 3974 932 4017 cum
957 3955 1087 4017 divitiis
1109 3961 1199 4017 trans
1224 3974 1319 4021 mara

195 4071 305 4154 fugere
336 4067 453 4135 velle.'’
485 4070 634 4134 Profecto
658 4087 725 4132 non
749 4068 903 4150 antiquos
927 4071 1200 4132 commentatores
1223 4069 1318 4134 adire

196 4203 278 4269 opus
301 4189 358 4264 est,
382 4185 411 4247 si
432 4184 541 4247 ‘ridere
566 4182 729 4266 cupimus.

239 4295 372 4378 Quanto
408 4297 547 4361 meliora
581 4294 697 4358 attulit
720 4291 763 4356 M.
777 4294 820 4372 S„
847 4294 968 4376 quiex
993 4293 1151 4375 Hesychii
1175 4300 1314 4358 annota-

196 4413 286 4478 tione
321 4409 493 4491 πελαγίζειν
526 4445 570 4459 -
600 4404 825 4488 ἀλαζονεύεσθαι
856 4407 972 4485 effecit,
1003 4407 1145 4472 Graecos
1172 4405 1315 4484 ἐμπόρους

195 4526 309 4591 eadem
334 4528 457 4592 fructos
479 4545 547 4592 esse
569 4523 668 4604 fama,
689 4542 757 4608 qua
777 4521 874 4586 hodic
893 4526 1076 4586 venatores.
1097 4522 1194 4586 Unde
1214 4529 1315 4586 Ποσει·
