3046 5214
743 334 785 395 48

242 513 381 580 Versum
413 524 526 581 temen
561 518 643 580 1201
679 518 802 581 honum
836 519 1027 583 iactationis
1054 520 1191 603 praebet
1214 540 1334 585 exem·

196 630 309 712 plum:
333 631 478 714 leporem
503 650 537 695 se
560 632 754 714 surripuisse
779 633 901 695 latetur
923 632 1098 710 isiciarius,
1123 634 1192 697 imo
1202 634 1333 717 gloria-

194 748 258 807 tur.
283 742 458 807 Praeterea
481 764 511 808 r.
536 746 600 807 669
624 750 656 808 et
682 765 713 808 v.
739 744 813 821 863,
837 745 1048 828 impudentia
1070 752 1271 828 superatum
1293 767 1330 811 se

196 876 263 920 non
298 857 351 935 iri,
386 876 445 940 per
478 864 659 921 nautarum
695 857 792 921 illum
829 859 929 922 deum
966 860 1056 922 iurat
1078 860 1263 943 Paphlago.
1287 862 1333 925 At

197 971 250 1035 hic
272 971 481 1054 impudentia
505 991 604 1035 causa
627 991 695 1035 esse
719 977 834 1055 potest,
860 973 1018 1056 obquarn
1034 973 1095 1037 hoc
1106 975 1330 1040 iureiurando

197 1084 255 1147 ille
296 1085 413 1161 utitur,
435 1105 515 1149 non
554 1092 665 1149 tamen
700 1086 837 1149 iactatio
874 1086 1009 1151 dolusve
1046 1087 1163 1151 malus.
1199 1089 1329 1153 Utilior

197 1197 358 1261 Muellero
389 1204 437 1262 est
467 1199 629 1282 Equitum
654 1218 767 1263 versus
792 1200 875 1277 8993
899 1219 977 1263 nam
1002 1206 1075 1282 post
1097 1199 1211 1284 silphii
1235 1222 1330 1266 corn·

197 1313 471 1376 memorationem
495 1314 603 1389 („eine
630 1312 751 1395 lustige
774 1311 882 1396 liige'')
907 1313 947 1377 de
969 1314 1088 1377 insana
1110 1316 1327 1381 accusatione

197 1424 304 1488 ridere
338 1426 492 1505 Demum,
523 1427 558 1489 id
588 1426 765 1490 absurdum
800 1446 867 1491 non
899 1432 956 1491 est.
989 1427 1106 1492 Simile
1129 1429 1327 1511 exemplum

197 1538 331 1603 fortasse
354 1546 402 1603 est
426 1560 453 1602 v.
479 1539 574 1603 1035.

174 1628 177 1633 ¹
241 1649 344 1716 Versu
377 1653 438 1716 366
473 1653 666 1736 Neptunum
698 1649 795 1716 ἵππιον
830 1652 1092 1737 intellegendum
1117 1674 1187 1720 esse
1210 1664 1328 1722 censet

198 1763 242 1830 M.
256 1766 299 1843 S,
332 1786 428 1850 quem
464 1769 583 1831 chorus
620 1766 685 1848 (cui
722 1768 775 1831 hic
810 1786 940 1851 quoque
964 1787 1076 1831 versus
1100 1774 1200 1832 antea
1223 1770 1330 1834 dabe-

197 1883 263 1960 tur)
295 1881 330 1942 in
354 1879 505 1963 perabasi
531 1900 660 1963 quoque
683 1880 820 1945 advocet
846 1860 890 1960 (νζ
916 1881 1004 1961 561).
1029 1878 1099 1944 Cur
1122 1901 1188 1945 non
1215 1883 1330 1965 potius

197 1994 359 2058 consessus
405 2000 462 2071 est,
510 1996 586 2058 huic
632 1996 741 2058 versui
789 1995 983 2077 hypothesin
1029 2014 1124 2057 suam
1168 1996 1329 2078 adaptari
1374 2010 1390 2035 ⁴·

197 2127 264 2172 non
288 2106 402 2190 posse?

243 2220 432 2284 Advocatur
462 2226 631 2303 praeterea
658 2221 737 2284 deus
760 2241 793 2282 v.
821 2222 882 2284 166
907 2227 941 2285 et
966 2241 997 2285 v.
1024 2221 1098 2298 609,
1123 2222 1181 2304 qui
1207 2241 1328 2287 versus

197 2352 384 2410 „summam
410 2333 587 2396 ostendunt
609 2333 896 2397 admirationem.’'
922 2334 963 2397 At
990 2355 1020 2396 v.
1047 2334 1109 2395 609
1130 2354 1195 2399 non
1219 2336 1325 2399 mira·

198 2451 252 2509 tur
286 2446 340 2509 sed
367 2446 560 2529 indignatur
583 2466 715 2525 cancer3
744 2449 845 2511 meris
868 2455 981 2511 autem
1006 2449 1116 2512 incole
1139 2468 1197 2532 per
1222 2469 1328 2532 quem

196 2559 294 2637 iuret,
320 2560 382 2621 nisi
409 2579 465 2642 per
489 2560 591 2622 maris
615 2558 737 2624 deum?

243 2672 330 2738 Nub.
366 2679 477 2737 autem
515 2694 547 2736 v.
585 2674 646 2735 666
686 2681 718 2737 et
755 2696 786 2737 v.
825 2676 887 2738 766
922 2675 1139 2758 Strepsiadem
1166 2676 1241 2740 ideo
1265 2697 1329 2759 per

199 2784 393 2872 Neptunum
418 2789 529 2852 iurare
554 2787 632 2852 dicit
654 2789 698 2850 M.
712 2788 754 2867 S,
781 2789 868 2873 quod
891 2790 932 2852 ad
957 2789 1121 2854 Socratem
1144 2791 1261 2853 veniat
1283 2792 1329 2854 ad

199 2903 329 2966 fraudes
360 2907 393 2967 et
425 2903 596 2966 mendacia
627 2903 832 2966 addiscenda.
861 2902 945 2967 Ate
969 2923 999 2965 v.
1027 2905 1090 2965 665
1115 2902 1199 2966 nihil
1223 2923 1328 2987 appa·

202 3021 261 3094 ret,
298 3018 426 3100 opinor,
462 3017 527 3079 nisi
562 3016 703 3080 Socratis
736 3017 862 3099 ingenii
898 3017 1082 3094 admiratio,
1108 3037 1222 3080 versus
1246 3037 1329 3084 vero

201 3129 266 3192 tet
299 3130 489 3193 iactationis
525 3129 647 3193 honum
684 3134 731 3192 est
766 3130 969 3212 exemplum,
1002 3150 1080 3192 nam
1107 3128 1265 3210 Φροντίζειν
1290 3152 1328 3196 se

200 3245 372 3308 contendit
406 3241 595 3326 discipulus,
631 3243 710 3306 dum
747 3243 896 3307 ridiculis
932 3249 964 3306 et
999 3244 1126 3307 nullius
1158 3247 1326 3308 momenti

198 3357 453 3439 cogitationibus
477 3375 570 3420 meus
594 3357 665 3419 eius
688 3356 890 3420 distrahitur.

152 3470 157 3483 ’
244 3472 413 3534 Postremo
433 3471 544 3534 versui
568 3470 651 3532 1236
672 3471 760 3534 hunc
780 3471 890 3534 iocum
911 3472 1016 3534 inesse
1037 3471 1206 3535 contendit
1221 3472 1265 3535 M.
1278 3472 1341 3553 S,

200 3584 286 3668 quod
317 3604 376 3667 per
400 3584 563 3648 mendacii
586 3585 671 3662 deos,
697 3585 897 3647 Mercurium
921 3591 954 3647 et
978 3583 1182 3667 Neptunum,
1207 3585 1325 3651 iurare

197 3699 377 3762 debitorem
410 3698 523 3762 iubeat
553 3699 676 3761 Pasias.
709 3698 881 3761 Hermann
905 3703 1015 3761 autem
1043 3699 1243 3762 Mercurium
1271 3706 1326 3762 ut-

198 3817 274 3894 pote
310 3812 473 3876 mendacii
508 3813 606 3876 deum
642 3812 852 3875 nominatum
889 3831 957 3875 esse
991 3817 1098 3894 putat,
1122 3807 1324 3894 Neptunum
1367 3818 1371 3823 '

199 3944 287 4004 vero,
310 3925 396 4008 quod
416 3945 520 4009 equus
541 3930 670 4009 emptus
689 3925 740 3988 sit.
763 3922 874 4001 „Gnt”
894 3925 943 3986 ait
964 3925 1007 3988 M.
1019 3924 1051 3986 S.
1073 3924 1184 4001 „dann
1207 3927 1327 3992 wiirde

199 4039 255 4102 der
287 4039 385 4122 Spasn
418 4041 501 4105 eben
534 4040 631 4103 darin
655 4039 773 4120 hegen,
798 4038 872 4101 desa
897 4038 954 4101 der
977 4043 1095 4120 petron
1119 4038 1175 4101 des
1197 4036 1326 4121 pferde-

200 4152 334 4216 haudels
358 4153 503 4236 nugleich
529 4153 700 4236 liigengott
724 4149 797 4216 ist.'’
822 4186 866 4198 —
889 4148 961 4231 Quo
985 4150 1149 4233 rapimur!

244 4263 339 4349 Vesp.
373 4288 406 4330 v.
444 4269 505 4328 163
540 4261 630 4348 (ἄναξ
657 4262 800 4343 Πόσειδον,
823 4263 854 4327 τί
874 4264 941 4328 ποτ’
965 4263 1010 4344 ἂρ’
1034 4262 1051 4335 ἡ
1075 4260 1173 4336 κάπνη
1196 4268 1297 4342 ψοφεῖ
1303 4267 1326 4347 ;)

202 4377 396 4462 Neptunum
434 4380 586 4444 invocari
620 4382 752 4462 propter
786 4384 963 4460 stuporem,
1000 4396 1097 4460 quern
1135 4396 1185 4440 res
1210 4383 1325 4441 movet

201 4492 416 4569 incredibilis,
449 4491 494 4559 M.
507 4493 538 4559 S.
571 4494 644 4557 iure
674 4491 854 4557 contendit.
887 4491 950 4555 Sed
980 4510 1056 4554 cum
1090 4511 1121 4555 v.
1149 4491 1210 4552 163
1234 4491 1324 4556 filius
