3328 5396
722 461 782 522 101

195 646 297 728 igitur
327 647 492 711 rettulisse
524 645 704 711 Diodorum
730 648 930 731 opinionem,
955 649 1101 730 quinon
1126 653 1163 711 ut
1187 648 1317 730 Thucy·

194 761 286 824 didos
315 761 402 825 solus
417 758 440 846 ¹)
473 762 681 825 Plataearum
715 763 1005 845 expugnationem,
1032 762 1087 827 sed
1108 761 1314 826 invasionem

194 875 230 936 in
257 875 403 939 Atticam
429 875 510 939 belli
533 875 668 939 initium
695 895 762 938 esse
785 876 961 954 duxerunt,
983 879 1021 938 ut
1040 875 1201 958 Ephorus,
1215 894 1315 958 quem

140 1071 141 1074 Ἴ
195 989 249 1053 hic
274 1008 307 1052 se
332 989 451 1053 adiisse
475 989 645 1074 profitetur
668 989 833 1053 Diodorus
856 1008 881 1052 c.
906 989 959 1053 41.
1048 1004 1051 1013 ¹

239 1101 374 1166 Diodori
407 1108 519 1166 autern
544 1103 634 1166 locus
657 1107 828 1185 propterea
851 1099 1003 1166 Muelleri
1027 1102 1242 1184 hypotheseos
1266 1109 1316 1165 est

193 1219 439 1299 argumentum,
471 1217 556 1298 quod
587 1216 798 1298 Euthydemo
828 1215 986 1280 archonte
1018 1215 1141 1279 bellum
1174 1216 1312 1278 initium

193 1329 314 1412 cepisse
347 1329 391 1410 (et
417 1329 574 1392 invasisse
607 1329 872 1412 Peloponnesios)
903 1329 952 1392 ibi
983 1329 1114 1392 dicitur.
1138 1325 1313 1394 Nonnulla

193 1448 305 1506 tamen
330 1443 458 1507 obicere
482 1462 622 1526 possum.
648 1444 801 1506 Primum
824 1444 1021 1520 observatio,
1045 1443 1182 1522 ἐντεῦθεν,
1207 1444 1229 1509 i.
1242 1463 1270 1507 e.
1294 1462 1315 1506 a

191 1557 366 1621 Potidaeae
390 1557 570 1636 obsidione,
590 1557 748 1640 incepisse
761 1556 987 1638 Thucydidem
1002 1576 1070 1618 non
1085 1557 1181 1620 modo
1194 1575 1312 1638 parum

192 1670 336 1748 definita,
362 1671 417 1733 sed
442 1669 524 1732 falsa
550 1690 680 1754 quoque
706 1675 762 1754 ast,
789 1671 949 1754 quoniam
974 1670 1188 1734 Plataearum
1214 1690 1315 1756 expu-

192 1785 304 1866 gnatio
329 1785 359 1847 ei
384 1784 463 1848 belli
487 1785 625 1847 initium
656 1785 912 1848 est..Praeterea
937 1803 1003 1847 non
1029 1781 1239 1866 Euthydemo
1262 1803 1312 1846 ar·

193 1897 311 1961 chonte
334 1899 506 1980 sequentia
526 1898 610 1962 lacta
634 1916 701 1961 esse
725 1903 837 1960 narrat
862 1898 1025 1962 Diodorus
1049 1898 1103 1960 sed
1122 1894 1172 1960 ἔπι
1192 1893 1310 1976 τούτων,
1406 1922 1413 1934 ·

191 2011 255 2075 i.e.
291 2011 351 2075 sub
387 2011 579 2075 consulibus
613 2011 665 2074 vel
700 2012 843 2074 tribunis
878 2012 1049 2090 Romanis,
1085 2013 1154 2096 qui
1177 2013 1254 2076 inde
1292 2032 1313 2084 a

191 2143 303 2188 mense
337 2124 496 2188 Ianuario
533 2125 763 2208 magistratum
800 2124 953 2190 inierant.
989 2125 1100 2209 Atque
1132 2127 1159 2189 si
1192 2146 1310 2190 verum

190 2245 238 2300 est
272 2238 316 2314 id,
352 2238 438 2321 quod
474 2238 643 2301 contendit
679 2238 817 2315 Schoell,
850 2239 1043 2318 Diodorum,
1076 2259 1151 2302 cum
1185 2239 1312 2304 Romae

190 2353 310 2435 degens
340 2352 526 2416 calendario
558 2357 707 2416 uteretur
738 2353 899 2429 Romano,
932 2371 1062 2435 semper
1093 2372 1169 2417 eum
1194 2354 1312 2418 addere

192 2465 394 2543 archontum,
419 2464 476 2547 qui
501 2472 572 2547 post
596 2466 666 2530 eins
689 2467 770 2528 anni
795 2466 944 2530 consules
969 2467 1203 2550 magistratum
1228 2468 1310 2534 inie-

190 2579 234 2641 rit
249 2575 286 2662 2),
322 2599 451 2642 necesse
486 2599 553 2643 non
585 2585 632 2643 est
664 2599 843 2657 sumamus,
867 2585 939 2662 post
964 2581 1109 2662 primum
1137 2581 1309 2645 Hecatom·

193 2692 328 2755 baeonis
351 2692 437 2756 diem
463 2693 677 2757 invasionemv
691 2669 813 2756 factam
835 2713 912 2772 esse,
934 2695 1100 2777 putavisse
1114 2691 1308 2759 Diodorum.

190 2807 262 2869 Imo
286 2826 342 2884 ca,
374 2826 459 2891 quae
487 2809 593 2890 capite
618 2808 657 2870 37
682 2809 843 2886 narravit,
868 2810 982 2873 omnia
1005 2814 1083 2873 ante
1105 2811 1205 2900 finem
1230 2811 1311 2872 anni

189 2920 334 2983 Romani
361 2922 423 2982 432
449 2921 535 2984 facta
555 2926 649 2998 sunt;
670 2940 709 2984 ea
729 2919 840 3004 igitur,
853 2941 938 3004 quae
950 2927 1142 3006 sequuntur,
1155 2899 1308 2986 Romano

189 3029 277 3098 anno
303 3036 364 3097 431
393 3033 566 3098 tribuenda
587 3054 654 3098 esse
679 3035 843 3098 videntur.

235 3146 335 3224 Adde,
367 3149 455 3230 quod
486 3149 674 3230 saepissime
705 3149 950 3232 chronologiam
964 3146 988 3232 8)
1012 3149 1161 3212 turbavit
1185 3147 1309 3214 histori-

147 3303 149 3306 -
187 3281 246 3325 cus
269 3262 341 3339 ille;
365 3261 405 3325 cf.
431 3259 617 3326 Wilamow.
643 3261 720 3326 Gur.
746 3261 848 3326 Thuc.
874 3281 902 3344 p.
929 3263 979 3341 ll,
1005 3267 1117 3327 annot.
1143 3265 1172 3326 3.

233 3376 308 3440 Non
344 3377 447 3460 igitur
481 3375 632 3440 Muelleri
668 3377 841 3460 hypothesi
877 3383 1071 3459 argumento
1102 3393 1170 3440 esse
1204 3381 1309 3459 potest

187 3491 323 3554 Diodori
348 3491 448 3555 locus.
600 3573 602 3582 ,

233 3603 295 3666 Sed
330 3604 427 3686 plura
463 3605 535 3667 eius
566 3605 734 3688 hypothesi
765 3605 907 3669 obstant.
932 3604 1072 3686 Eclipsis
1096 3605 1197 3683 enim,
1223 3623 1307 3686 quae

223 3913 247 3976 l)
267 3911 423 3964 Philochoro
440 3926 542 3980 qnoque
559 3910 711 3980 Pythodoro
729 3911 853 3964 archonte
871 3910 976 3964 initium
995 3911 1093 3978 cepisse
1110 3909 1209 3964 bellum
1224 3911 1310 3966 risum

186 4005 235 4056 est.
254 4003 312 4056 Vid.
332 4004 417 4058 Schol.
435 4004 468 4057 ad
485 4005 545 4057 Pac.
563 4020 591 4062 v,
606 4005 662 4056 990.
680 3989 777 4057 Eadem
796 4003 949 4057 Aristotelis
967 4006 1008 4056 ost
1026 4003 1114 4071 opinio
1134 4005 1225 4068 (Ἀθην.
1246 4013 1308 4057 nou.

186 4111 206 4149 t.
225 4096 283 4158 Yll:
299 4095 340 4146 ἐπὶ
357 4097 491 4158 Πυθοδώρου
508 4096 621 4158 ἄρχοντος
639 4098 652 4147 ὁ
668 4100 721 4158 πρὸς
738 4098 940 4156 Πελοποννησίους
958 4095 1041 4155 lusura
1059 4101 1171 4159 πόλεμος.
1189 4096 1306 4151 Diodoro

185 4187 269 4257 igitur
294 4188 373 4241 etiam
398 4189 483 4241 minus
507 4187 638 4241 fidendum
664 4191 716 4250 est;
743 4204 826 4257 neque
853 4204 985 4242 sumamus
1003 4204 1108 4242 necesse
1127 4190 1175 4253 est,
1197 4187 1229 4241 ob
1249 4204 1308 4242 oau-

186 4297 241 4334 sam
259 4280 373 4350 aliquam
390 4281 417 4334 in
436 4281 556 4348 opinione
574 4281 653 4334 sitam
671 4297 686 4333 a
707 4281 802 4334 ceteris
819 4280 972 4334 dissensisse
991 4279 1175 4350 Thucydidem.

220 4375 246 4436 ι)
264 4373 317 4435 „Er
334 4375 417 4426 nennt
435 4373 553 4441 zugleich
571 4373 621 4426 mit
638 4372 688 4426 den
705 4372 819 4428 Consuln
838 4388 888 4426 nur
904 4372 1061 4442 denjenigen
1078 4372 1191 4438 Archon,
1209 4371 1255 4426 der
1271 4373 1308 4426 im

185 4465 268 4519 Laufe
285 4465 356 4518 ihres
374 4465 530 4520 Consulates
548 4465 605 4518 sein
622 4466 686 4518 Amt
703 4464 817 4518 antrat.''
835 4465 928 4520 Gesch.
947 4464 972 4518 d.
991 4464 1094 4518 Griech.
1112 4463 1167 4517 Lit.
1175 4466 1206 4528 11,
1216 4479 1240 4532 p.
1249 4465 1309 4519 372·

219 4558 245 4624 3)
270 4556 396 4611 Consules
421 4559 450 4610 et
475 4555 576 4610 tribuni
595 4555 731 4620 militares,
749 4571 814 4624 quos
832 4556 907 4609 annis
924 4557 972 4610 432
990 4558 1017 4610 et
1034 4557 1079 4610 431
1101 4555 1200 4608 Romae
1217 4555 1307 4621 fuisse,

185 4649 275 4702 narrat
293 4647 431 4713 Diodorus,
449 4665 464 4701 a
481 4647 557 4701 Livio
575 4647 633 4716 (tv,
653 4647 683 4700 13
701 4647 728 4700 et
748 4649 790 4714 16)
808 4647 883 4700 annis
901 4647 951 4700 439
968 4648 995 4700 et
1012 4646 1061 4700 438
1077 4645 1269 4699 adscribuntur.
