3328 5396
761 439 799 504 75

219 628 313 711 perit,
349 627 428 692 dum
461 629 541 693 haec
571 624 666 708 Icari,
698 629 733 691 in
765 628 920 711 proxime
943 629 1047 711 igitur
1070 629 1204 707 vicinia,
1228 648 1337 694 versa-

220 743 329 820 batur,
353 761 413 806 cur
436 761 509 806 eam
533 761 600 805 non
624 747 820 806 consecutus
840 739 909 806 esti
927 740 1014 806 Nam
1035 741 1090 806 ὑπὸ
1109 741 1237 816 σπουδῆς
1256 743 1334 807 ἐπα-

220 861 280 919 εῖνο
302 853 356 927 τὴν
383 850 485 929 δίωξιν.
537 861 542 870 “

265 969 468 1033 Salaminiae
492 973 606 1033 cutem
629 968 788 1032 nuntium
812 969 963 1033 omnium
984 969 1141 1032 ultimum
1162 970 1203 1033 ed
1216 969 1336 1034 Pache-

220 1087 286 1147 tem
311 1083 506 1166 pervenisse,
531 1082 609 1146 inde
632 1086 777 1165 apparet,
801 1082 888 1164 quod
912 1083 1007 1144 navis
1028 1083 1108 1147 haec
1128 1086 1160 1146 et
1177 1081 1336 1160 Alcidam,

219 1202 256 1261 ut
278 1197 414 1280 fugeret,
438 1197 546 1260 movit
570 1202 603 1261 et
624 1197 811 1274 Pachetem,
834 1201 872 1259 ut
890 1215 967 1260 eum
988 1201 1250 1279 persequeretur.
1263 1192 1337 1279 Ipse

219 1316 333 1375 autem
356 1310 574 1392 Thucydides,
598 1310 757 1373 ultimum
783 1310 872 1373 hunc
895 1309 993 1373 fuisse
1016 1309 1186 1388 nuntium,
1207 1309 1336 1372 disertis

218 1425 328 1488 verbis
351 1429 464 1488 narrat
488 1423 527 1506 (c.
553 1424 604 1504 33,
631 1424 681 1508 2):
705 1423 749 1487 Et
772 1441 813 1488 ex
837 1423 919 1487 urbe
940 1423 1127 1505 Erythraeo
1149 1427 1183 1486 st
1202 1422 1337 1486 aliunde

218 1557 295 1602 cum
333 1539 469 1604 Pecheti
503 1556 555 1602 res
589 1539 743 1602 nuntiate
779 1542 872 1615 esset,
908 1537 1048 1600 Perelus
1085 1542 1118 1601 et
1153 1536 1337 1600 Salaminia

217 1648 402 1728 αὐτάγγελοι
426 1651 634 1730 rettulerunt,
659 1651 701 1715 ad
721 1648 857 1714 Clarum
878 1649 1029 1715 Alcidam
1050 1651 1228 1715 sevidisse.
1242 1647 1337 1730 Quae

217 1767 320 1830 verba
354 1765 441 1830 delet
473 1765 606 1849 quidem
639 1764 729 1847 M.S.,
754 1765 842 1848 quod
864 1764 953 1829 idem
977 1764 1104 1828 dictum
1128 1765 1170 1828 sit
1193 1765 1230 1826 in
1255 1764 1272 1848 t
1299 1765 1336 1828 l:

216 1876 298 1958 ὤφθη
333 1876 390 1958 γὰρ
421 1877 475 1942 ὑπὸ
505 1884 559 1951 τῆς
589 1877 778 1955 Σαλαμινίας
810 1901 837 1941 κ.
850 1901 879 1941 r.
893 1877 927 1950 i,
958 1879 1082 1942 iniuria
1105 1881 1228 1956 temen,
1256 1897 1335 1941 nam

216 1991 264 2057 ibi
298 2011 384 2076 quae
420 1992 555 2057 Alcidae
586 1993 764 2057 acciderint
796 1997 910 2056 narret
931 1992 1149 2074 Thucydides,
1174 1992 1227 2056 hic
1251 2010 1336 2076 quse

217 2106 365 2170 Pecheti.
388 2103 549 2169 Classenii
569 2106 797 2189 interpretatio
816 2106 926 2170 locum
940 2105 1062 2189 optime
1073 2105 1240 2169 illustrare
1251 2104 1337 2170 mihi

217 2219 368 2282 videtur:
393 2211 484 2297 „dats
507 2217 572 2297 μὲν,
596 2219 649 2283 dic
672 2223 757 2283 erste
777 2219 861 2284 noch
873 2219 1027 2302 ssiichtige
1039 2217 1230 2298 Nachricht,
1242 2216 1337 2299 ἀφα-

219 2337 291 2396 νεῖτα
315 2328 420 2423 dinaei
443 2330 641 2412 πανταχόθεν,
664 2332 901 2416 Imperfectum
922 2332 980 2397 der
999 2332 1234 2398 wiederholten
1247 2334 1335 2397 drin-

220 2446 347 2528 genden
370 2445 597 2510 Botschestenz
622 2443 823 2523 currimus.
839 2442 1025 2526 ..ἔφραναα
1050 2446 1107 2510 der
1130 2447 1189 2509 auf
1205 2447 1337 2529 eigener

218 2557 446 2643 Auschcuung
468 2560 657 2624 berutende
680 2560 748 2624 und
768 2561 820 2624 die
838 2559 1011 2624 'einzelnen
1033 2560 1334 2644 Umstttndegenau

217 2673 408 2753 angebende
432 2671 584 2737 Bericht”
599 2672 635 2757 1).

263 2783 375 2849 Unum
402 2785 541 2850 verbum
565 2786 657 2850 addo.
681 2785 801 2851 Nonne
822 2787 921 2851 fidem
941 2792 1085 2871 superat,
1106 2788 1279 2871 complura
1299 2789 1336 2851 in

217 2917 323 2962 unum
354 2899 442 2964 hunc
473 2899 581 2963 locum
615 2901 781 2984 irrepsisse
806 2899 898 2979 vitia,
922 2919 1010 2984 quae
1032 2902 1126 2966 nullo
1152 2902 1248 2966 modo
1272 2903 1333 2966 sibi

216 3011 454 3089 contradicant,
478 3012 534 3076 sed
557 3012 701 3076 alterum
724 3013 767 3077 ab
790 3013 893 3077 altero
917 3011 1047 3078 defendi
1073 3013 1270 3079 videantur?

262 3123 325 3186 Sed
347 3124 389 3186 ed
411 3125 564 3206 graviora
584 3130 799 3204 transeamus,
820 3145 899 3190 nem
921 3128 1091 3210 hucusque
1110 3147 1178 3192 non
1193 3129 1336 3192 multam

217 3236 328 3300 lucem
353 3237 465 3300 attulit
489 3235 569 3303 Ma.

261 3349 301 3411 In
337 3351 444 3433 primo
476 3370 534 3416 suo
566 3352 650 3416 libro
677 3351 718 3436 (p.
743 3353 797 3437 44)
822 3353 903 3417 duos
926 3353 1127 3436 Thucydidis
1151 3355 1237 3419 locos
1261 3353 1336 3439 (III,

218 3462 271 3540 68,
297 3463 316 3524 2
340 3467 372 3527 et
395 3459 433 3541 V,
459 3463 511 3542 32,
538 3465 568 3548 l)
606 3466 761 3528 tractavit
793 3466 872 3529 Me.
905 3471 937 3530 et
967 3486 1056 3531 nunc
1086 3467 1206 3531 iterum
1233 3469 1272 3532 de
1295 3470 1337 3532 iis
1455 3485 1460 3499 ·

215 3577 360 3640 scribens
373 3574 411 3660 ²),
435 3583 472 3640 ut
491 3575 653 3642 Classenii
672 3579 815 3643 crimina
832 3579 1004 3657 refelleret,
1017 3580 1193 3663 pulchrum
1209 3581 1336 3664 ingenii

218 3690 270 3753 sui
293 3691 457 3772 specimen
481 3692 642 3775 praebuit.

261 3802 374 3867 Priore
414 3805 504 3867 enim
546 3805 616 3869 loeo
650 3804 857 3887 Thucydides
889 3807 998 3886 refert,
1034 3826 1052 3870 e
1086 3807 1333 3872 Plateeensium

215 3915 358 3996 captivis
381 3917 468 3981 viros
492 3935 607 3982 omnes
629 3919 815 3983 interiectos
835 3937 903 3982 esse
924 3938 944 3982 a
963 3919 1241 3999 Lacedaemoniis,
1263 3941 1336 3985 mu·

218 4119 362 4129 —-———

251 4236 275 4298 l)
302 4234 393 4304 Neque
422 4235 577 4290 vocabulum
601 4236 760 4300 αὐτάγγελος
781 4236 911 4292 offenders
929 4236 1016 4292 debet.
1035 4238 1124 4294 Ceteri
1141 4238 1210 4293 enim
1227 4240 1335 4294 nuntios

214 4326 350 4391 miserant,
368 4326 413 4395 qui
429 4325 536 4380 Alcidae
554 4326 695 4380 adrentum
713 4329 856 4394 nauarent,
874 4344 953 4384 neves
970 4343 1032 4382 vero
1048 4328 1110 4384 illue
1127 4345 1166 4394 ee,
1181 4346 1247 4400 quse
1262 4331 1334 4398 ipsas

215 4416 346 4482 viderant,
363 4420 547 4486 exposuerunt,
562 4433 614 4480 pon
631 4417 677 4471 alii
693 4433 721 4472 re
739 4418 870 4485 mandata,
887 4419 933 4473 sed
950 4419 1021 4488 ipsae
1038 4420 1131 4474 statim
1149 4435 1196 4490 pro
1210 4423 1273 4476 nota
1288 4437 1336 4476 sua

216 4509 354 4563 celeritate
371 4509 403 4563 ad
421 4509 562 4564 Pachetem
579 4512 789 4578 properaverunt.

247 4599 497 4664 sinuessano.
517 4617 542 4670 p.
562 4602 701 4656 res-us.
