3046 5214
724 1633 791 1708 VI.

239 1857 447 1940 Protagorea,
485 1878 524 1919 zu
559 1857 621 1920 den
659 1857 786 1940 VdgeIn
824 1859 880 1921 des
917 1858 1155 1941 Aristophanes
1191 1859 1325 1940 (Fleck.

284 1969 397 2034 Jahrb.
427 1972 521 2046 1880,
545 1990 574 2053 p.
598 1972 776 2053 rel-loo).

238 2159 344 2223 Locus
368 2162 595 2222 controversus
617 2159 792 2222 invenitur
815 2160 851 2221 in
878 2157 1023 2223 Avibus:

325 2320 395 2402 τῇδε
417 2319 514 2399 μέντοι
539 2318 649 2403 θῆμέρρι
671 2318 796 2398 μάλιστ’
820 2320 1066 2402 ἐπαναγορεύεται
1226 2326 1318 2388 1071

328 2433 362 2509 ἢν
384 2435 540 2516 ἀποκτείνῃ
564 2459 608 2507 τις
632 2435 712 2513 ὑμῶν
737 2434 886 2515 Διαγόραν
909 2436 957 2500 τὸν
980 2435 1104 2511 Μήλαν,

317 2548 499 2627 ’λαμβάνειν
522 2547 679 2622 τάλαντον,
703 2546 737 2622 ἤν
759 2573 793 2612 τε
815 2553 871 2613 τῶν
895 2548 1039 2630 τυράννων
1061 2550 1105 2623 τίς
1128 2573 1195 2615 τινα

327 2667 382 2727 τῶν
407 2660 580 2736 τεθνηκότων
603 2662 769 2743 ἀποκτείνῃ,
793 2661 940 2727 τάλαντον
962 2662 1139 2742 λαμβανενν.
1233 2665 1320 2731 1075

240 2839 457 2920 Argumenta,
484 2840 605 2923 quibus
629 2839 663 2901 in
689 2841 749 2902 hec
773 2840 996 2923 disputatione
1018 2861 1095 2904 usus
1116 2845 1163 2905 est
1182 2842 1262 2906 ΜΕ.
1276 2845 1321 2907 ad

196 2972 343 3037 sagacem
382 2954 579 3036 hypothesin
613 2954 878 3031 construendam,
903 2954 1032 3037 singula
1055 2954 1203 3018 refellere
1227 2975 1321 3037 posse

140 3119 142 3123 ,
196 3069 280 3132 mihi
305 3068 430 3132 videor.

241 3180 288 3245 De
312 3183 456 3264 Diagora
479 3181 602 3244 scholia
626 3181 668 3244 ad
693 3182 780 3246 hunc
805 3183 925 3262 locum,
950 3183 992 3245 ad
1015 3181 1103 3245 Nuh.
1124 3203 1156 3245 v.
1179 3182 1253 3262 830,
1276 3185 1321 3248 ad

169 3296 280 3359 ‘Rau
318 3314 349 3359 v.
384 3294 446 3356 320
481 3294 587 3357 multa
618 3295 769 3371 absurda,
800 3296 909 3358 multa
931 3297 1125 3378 pugnantia,
1150 3297 1321 3360 nonnulla

196 3429 274 3473 vero
300 3408 446 3473 melioris
474 3427 605 3492 quoque
629 3412 727 3472 notae
750 3409 903 3472 afferunt.
930 3406 969 3470 In
997 3409 1084 3473 hisce
1108 3409 1175 3473 fere
1200 3429 1318 3475 conve·

195 3521 312 3586 niunt:
336 3522 515 3605 Diagoram
542 3522 679 3584 Melium
704 3521 843 3586 Athenis
868 3523 957 3586 vitae
980 3528 1108 3605 partem
1135 3524 1260 3605 degisse
1284 3530 1320 3588 et

195 3636 282 3713 inde,
318 3635 360 3699 oh
390 3634 599 3716 impietatem
624 3636 731 3717 capite
755 3636 964 3713 damnatum,
988 3636 1159 3700 Pellenam
1185 3634 1318 3718 fugisse,

196 3750 314 3814 deinde
339 3769 359 3812 a
383 3747 556 3828 Pelleneis,
582 3754 620 3812 ut
643 3769 719 3814 eum
744 3750 918 3829 traderent,
940 3751 1211 3815 aoeterisautem
1225 3752 1316 3816 Pelo·

195 3863 372 3946 ponnesiis,
393 3882 434 3926 ne
455 3882 531 3927 eum
545 3864 737 3946 reciperent,
750 3865 930 3947 poposcisse
943 3864 1168 3928 Athenienses.
1186 3865 1318 3930 Similia

196 3976 323 4041 rettulit
346 3976 439 4040 Diod.
464 3974 559 4054 XIII,
586 3979 615 4039 6.
640 3978 814 4041 Praeterea
837 3978 994 4041 iuvenem
1019 3998 1096 4042 eum
1120 3979 1156 4041 in
1178 3980 1316 4044 deorum

196 4090 354 4154 honorem
379 4089 609 4171 dithyrambos
632 4091 744 4154 fecisse
768 4095 916 4154 narrant.

240 4203 355 4288 Neque
391 4224 593 4288 quemquem
629 4204 807 4268 offenderat
842 4204 965 4269 Avium
997 4207 1098 4283 Iocus,
1131 4227 1230 4291 quem
1264 4229 1317 4273 ex·

196 4317 318 4400 scripsi,
342 4323 521 4401 antequam
546 4319 714 4382 Fritzsehe
738 4319 774 4381 in
799 4319 970 4382 Poenarum
995 4340 1055 4383 sua
1080 4322 1225 4386 editione
1245 4343 1317 4406 pro-

198 4431 300 4507 bavit,
337 4431 442 4494 multo
477 4435 555 4493 ante
590 4428 714 4493 bellum
751 4432 1065 4514 Peloponnesiacum
1101 4434 1136 4496 in
1171 4435 1312 4499 exitium
