<?xml version="1.0" encoding="UTF-8"?>
<!DOCTYPE html PUBLIC "-//W3C//DTD XHTML 1.0 Transitional//EN"
    "http://www.w3.org/TR/xhtml1/DTD/xhtml1-transitional.dtd">
<html xmlns="http://www.w3.org/1999/xhtml" xml:lang="en" lang="en">
 <head>
  <title>
</title>
<meta http-equiv="Content-Type" content="text/html;charset=utf-8" />
  <meta name='ocr-system' content='tesseract 3.04.00' />
  <meta name='ocr-capabilities' content='ocr_page ocr_carea ocr_par ocr_line ocrx_word'/>
</head>
<body>
  <div class='ocr_page' id='page_1' title='image "./quaestionesatti00konigoog_0125.png"; bbox 0 0 3046 5214; ppageno 0'>
   <div class='ocr_carea' id='block_1_1' title="bbox 732 373 795 436">
    <p class='ocr_par' dir='ltr' id='par_1_1' title="bbox 732 373 795 436">
     <span class='ocr_line' id='line_1_1' title="bbox 732 373 795 436; baseline 0.016 -1"><span class='ocrx_word' id='word_1_1' title='bbox 732 373 795 436; x_wconf 83' lang='grc'><strong>114</strong></span> 
     </span>
    </p>
   </div>
   <div class='ocr_carea' id='block_1_2' title="bbox 161 557 1328 3251">
    <p class='ocr_par' dir='ltr' id='par_1_2' title="bbox 200 557 1326 754">
     <span class='ocr_line' id='line_1_2' title="bbox 200 557 1326 645; baseline -0.004 -19"><span class='ocrx_word' id='word_1_2' title='bbox 200 580 288 645; x_wconf 89' lang='lat' dir='ltr'><strong>pore,</strong></span> <span class='ocrx_word' id='word_1_3' title='bbox 322 562 417 626; x_wconf 88' lang='lat' dir='ltr'><strong>cuius</strong></span> <span class='ocrx_word' id='word_1_4' title='bbox 452 559 539 645; x_wconf 90' lang='lat' dir='ltr'><strong>apud</strong></span> <span class='ocrx_word' id='word_1_5' title='bbox 572 559 798 642; x_wconf 83' lang='lat' dir='ltr'><strong>Thucydidem</strong></span> <span class='ocrx_word' id='word_1_6' title='bbox 836 561 960 626; x_wconf 91' lang='lat' dir='ltr'><strong>mentio</strong></span> <span class='ocrx_word' id='word_1_7' title='bbox 991 560 1028 624; x_wconf 87' lang='lat' dir='ltr'><strong>fit</strong></span> <span class='ocrx_word' id='word_1_8' title='bbox 1059 557 1326 643; x_wconf 84' lang='lat' dir='ltr'><strong>I,189,lsq.;</strong></span> 
     </span>
     <span class='ocr_line' id='line_1_3' title="bbox 204 675 493 754; baseline 0.01 -18"><span class='ocrx_word' id='word_1_9' title='bbox 204 675 276 754; x_wconf 91' lang='grc'><strong>140,</strong></span> <span class='ocrx_word' id='word_1_10' title='bbox 301 675 338 753; x_wconf 85' lang='grc'><strong>3;</strong></span> <span class='ocrx_word' id='word_1_11' title='bbox 365 677 437 754; x_wconf 89' lang='grc'><strong>144,</strong></span> <span class='ocrx_word' id='word_1_12' title='bbox 463 677 493 740; x_wconf 80' lang='lat'><strong>2.</strong></span> 
     </span>
    </p>

    <p class='ocr_par' dir='ltr' id='par_1_3' title="bbox 197 788 1328 1212">
     <span class='ocr_line' id='line_1_4' title="bbox 244 788 1325 873; baseline 0 -21"><span class='ocrx_word' id='word_1_13' title='bbox 244 790 320 854; x_wconf 91' lang='lat' dir='ltr'><strong>Post</strong></span> <span class='ocrx_word' id='word_1_14' title='bbox 352 807 499 873; x_wconf 85' lang='lat' dir='ltr'><strong>pugnam</strong></span> <span class='ocrx_word' id='word_1_15' title='bbox 530 789 634 872; x_wconf 86' lang='lat' dir='ltr'><strong>igitur</strong></span> <span class='ocrx_word' id='word_1_16' title='bbox 656 788 698 851; x_wconf 88' lang='lat' dir='ltr'><strong>ad</strong></span> <span class='ocrx_word' id='word_1_17' title='bbox 720 788 845 870; x_wconf 79' lang='lat' dir='ltr'><strong>Sybota</strong></span> <span class='ocrx_word' id='word_1_18' title='bbox 867 788 1035 852; x_wconf 89' lang='lat' dir='ltr'><strong>decretum</strong></span> <span class='ocrx_word' id='word_1_19' title='bbox 1059 788 1093 852; x_wconf 93' lang='lat' dir='ltr'><strong>id</strong></span> <span class='ocrx_word' id='word_1_20' title='bbox 1116 807 1195 866; x_wconf 91' lang='lat' dir='ltr'><strong>esse,</strong></span> <span class='ocrx_word' id='word_1_21' title='bbox 1220 789 1325 873; x_wconf 92' lang='lat' dir='ltr'><strong>suspi-</strong></span> 
     </span>
     <span class='ocr_line' id='line_1_5' title="bbox 200 900 1326 983; baseline 0 -16"><span class='ocrx_word' id='word_1_22' title='bbox 200 908 320 968; x_wconf 78' lang='lat' dir='ltr'><strong>cantur</strong></span> <span class='ocrx_word' id='word_1_23' title='bbox 351 904 415 966; x_wconf 83' lang='lat' dir='ltr'><strong>viri</strong></span> <span class='ocrx_word' id='word_1_24' title='bbox 443 903 538 968; x_wconf 89' lang='lat' dir='ltr'><strong>docti.</strong></span> <span class='ocrx_word' id='word_1_25' title='bbox 562 900 658 983; x_wconf 78' lang='lat' dir='ltr'><strong>Quod</strong></span> <span class='ocrx_word' id='word_1_26' title='bbox 682 921 760 966; x_wconf 84' lang='lat' dir='ltr'><strong>vero</strong></span> <span class='ocrx_word' id='word_1_27' title='bbox 783 900 949 967; x_wconf 87' lang='lat' dir='ltr'><strong>Corinthii</strong></span> <span class='ocrx_word' id='word_1_28' title='bbox 973 900 1005 965; x_wconf 91' lang='lat' dir='ltr'><strong>id</strong></span> <span class='ocrx_word' id='word_1_29' title='bbox 1030 922 1096 966; x_wconf 92' lang='lat' dir='ltr'><strong>non</strong></span> <span class='ocrx_word' id='word_1_30' title='bbox 1121 922 1326 968; x_wconf 89' lang='lat' dir='ltr'><strong>commemo·</strong></span> 
     </span>
     <span class='ocr_line' id='line_1_6' title="bbox 197 996 1328 1100; baseline 0 -20"><span class='ocrx_word' id='word_1_31' title='bbox 197 1022 327 1095; x_wconf 84' lang='lat' dir='ltr'><strong>rerunt,</strong></span> <span class='ocrx_word' id='word_1_32' title='bbox 356 1036 432 1082; x_wconf 92' lang='lat' dir='ltr'><strong>cum</strong></span> <span class='ocrx_word' id='word_1_33' title='bbox 466 1017 603 1080; x_wconf 81' lang='lat' dir='ltr'><strong>Athenis</strong></span> <span class='ocrx_word' id='word_1_34' title='bbox 633 996 747 1081; x_wconf 82' lang='lat' dir='ltr'><strong>contra</strong></span> <span class='ocrx_word' id='word_1_35' title='bbox 777 1013 1037 1097; x_wconf 88' lang='lat' dir='ltr'><strong>Corcyraeorum</strong></span> <span class='ocrx_word' id='word_1_36' title='bbox 1070 1016 1196 1100; x_wconf 85' lang='lat' dir='ltr'><strong>legatos</strong></span> <span class='ocrx_word' id='word_1_37' title='bbox 1220 1018 1328 1081; x_wconf 89' lang='lat' dir='ltr'><strong>verba</strong></span> 
     </span>
     <span class='ocr_line' id='line_1_7' title="bbox 199 1128 1014 1212; baseline 0.002 -21"><span class='ocrx_word' id='word_1_38' title='bbox 199 1129 355 1208; x_wconf 85' lang='lat' dir='ltr'><strong>iacerent,</strong></span> <span class='ocrx_word' id='word_1_39' title='bbox 380 1130 440 1193; x_wconf 89' lang='lat' dir='ltr'><strong>hoc</strong></span> <span class='ocrx_word' id='word_1_40' title='bbox 462 1128 548 1192; x_wconf 85' lang='lat' dir='ltr'>nihil</span> <span class='ocrx_word' id='word_1_41' title='bbox 572 1128 709 1212; x_wconf 92' lang='lat' dir='ltr'><strong>probare</strong></span> <span class='ocrx_word' id='word_1_42' title='bbox 733 1129 806 1193; x_wconf 88' lang='lat' dir='ltr'><strong>iure</strong></span> <span class='ocrx_word' id='word_1_43' title='bbox 829 1129 913 1192; x_wconf 84' lang='lat' dir='ltr'><strong>dixit</strong></span> <span class='ocrx_word' id='word_1_44' title='bbox 936 1128 1014 1193; x_wconf 87' lang='lat' dir='ltr'><strong>M.S.</strong></span> 
     </span>
    </p>

    <p class='ocr_par' dir='ltr' id='par_1_4' title="bbox 199 1240 1328 2118">
     <span class='ocr_line' id='line_1_8' title="bbox 244 1240 1328 1326; baseline 0.002 -20"><span class='ocrx_word' id='word_1_45' title='bbox 244 1240 308 1306; x_wconf 92' lang='lat' dir='ltr'><strong>Cui</strong></span> <span class='ocrx_word' id='word_1_46' title='bbox 340 1246 515 1326; x_wconf 88' lang='lat' dir='ltr'><strong>propterea</strong></span> <span class='ocrx_word' id='word_1_47' title='bbox 546 1243 579 1306; x_wconf 95' lang='lat' dir='ltr'><strong>id</strong></span> <span class='ocrx_word' id='word_1_48' title='bbox 611 1247 742 1324; x_wconf 89' lang='lat' dir='ltr'><strong>tempus</strong></span> <span class='ocrx_word' id='word_1_49' title='bbox 772 1241 932 1325; x_wconf 87' lang='lat' dir='ltr'><strong>displicet,</strong></span> <span class='ocrx_word' id='word_1_50' title='bbox 963 1243 1060 1325; x_wconf 93' lang='lat' dir='ltr'><strong>quod,</strong></span> <span class='ocrx_word' id='word_1_51' title='bbox 1093 1262 1169 1307; x_wconf 89' lang='lat' dir='ltr'><strong>cum</strong></span> <span class='ocrx_word' id='word_1_52' title='bbox 1196 1245 1239 1307; x_wconf 85' lang='lat' dir='ltr'><strong>ad</strong></span> <span class='ocrx_word' id='word_1_53' title='bbox 1264 1244 1328 1326; x_wconf 87' lang='lat' dir='ltr'><strong>Sy·</strong></span> 
     </span>
     <span class='ocr_line' id='line_1_9' title="bbox 200 1354 1327 1438; baseline 0.001 -19"><span class='ocrx_word' id='word_1_54' title='bbox 200 1355 280 1419; x_wconf 92' lang='lat' dir='ltr'><strong>bota</strong></span> <span class='ocrx_word' id='word_1_55' title='bbox 298 1355 365 1418; x_wconf 89' lang='lat' dir='ltr'><strong>iam</strong></span> <span class='ocrx_word' id='word_1_56' title='bbox 386 1359 572 1438; x_wconf 83' lang='lat' dir='ltr'><strong>pugnatum</strong></span> <span class='ocrx_word' id='word_1_57' title='bbox 594 1359 677 1418; x_wconf 88' lang='lat' dir='ltr'><strong>esset</strong></span> <span class='ocrx_word' id='word_1_58' title='bbox 698 1359 729 1418; x_wconf 91' lang='lat' dir='ltr'><strong>et</strong></span> <span class='ocrx_word' id='word_1_59' title='bbox 748 1355 860 1418; x_wconf 89' lang='lat' dir='ltr'><strong>statim</strong></span> <span class='ocrx_word' id='word_1_60' title='bbox 881 1359 954 1437; x_wconf 88' lang='grc'><strong>4441</strong></span> <span class='ocrx_word' id='word_1_61' title='bbox 973 1354 1327 1434; x_wconf 81' lang='grc' dir='ltr'><strong>(1414414441Ρ4114444,</strong></span> 
     </span>
     <span class='ocr_line' id='line_1_10' title="bbox 200 1466 1325 1552; baseline 0.003 -21"><span class='ocrx_word' id='word_1_62' title='bbox 200 1468 354 1546; x_wconf 88' lang='lat' dir='ltr'><strong>edictum,</strong></span> <span class='ocrx_word' id='word_1_63' title='bbox 386 1468 474 1551; x_wconf 91' lang='lat' dir='ltr'><strong>quod</strong></span> <span class='ocrx_word' id='word_1_64' title='bbox 506 1472 585 1532; x_wconf 90' lang='lat' dir='ltr'><strong>tuno</strong></span> <span class='ocrx_word' id='word_1_65' title='bbox 613 1469 748 1533; x_wconf 93' lang='lat' dir='ltr'><strong>demum</strong></span> <span class='ocrx_word' id='word_1_66' title='bbox 774 1466 1051 1552; x_wconf 73' lang='lat' dir='ltr'><strong>promulgaretur,</strong></span> <span class='ocrx_word' id='word_1_67' title='bbox 1079 1469 1157 1534; x_wconf 90' lang='grc'><strong>14111</strong></span> <span class='ocrx_word' id='word_1_68' title='bbox 1180 1470 1325 1534; x_wconf 91' lang='lat' dir='ltr'><strong>initium</strong></span> 
     </span>
     <span class='ocr_line' id='line_1_11' title="bbox 199 1579 1327 1668; baseline 0.004 -25"><span class='ocrx_word' id='word_1_69' title='bbox 199 1582 369 1646; x_wconf 89' lang='lat' dir='ltr'><strong>nominari</strong></span> <span class='ocrx_word' id='word_1_70' title='bbox 400 1601 465 1646; x_wconf 93' lang='lat' dir='ltr'><strong>non</strong></span> <span class='ocrx_word' id='word_1_71' title='bbox 498 1582 642 1664; x_wconf 88' lang='lat' dir='ltr'><strong>potuerit</strong></span> <span class='ocrx_word' id='word_1_72' title='bbox 673 1582 716 1646; x_wconf 90' lang='lat' dir='ltr'><strong>ab</strong></span> <span class='ocrx_word' id='word_1_73' title='bbox 744 1579 964 1665; x_wconf 79' lang='lat' dir='ltr'><strong>Aristophane</strong></span> <span class='ocrx_word' id='word_1_74' title='bbox 986 1584 1023 1646; x_wconf 92' lang='lat' dir='ltr'><strong>in</strong></span> <span class='ocrx_word' id='word_1_75' title='bbox 1048 1583 1123 1647; x_wconf 92' lang='lat' dir='ltr'><strong>Pac.</strong></span> <span class='ocrx_word' id='word_1_76' title='bbox 1148 1603 1180 1645; x_wconf 87' lang='lat' dir='ltr'><strong>v.</strong></span> <span class='ocrx_word' id='word_1_77' title='bbox 1209 1583 1327 1668; x_wconf 87' lang='lat'><strong>6091).</strong></span> 
     </span>
     <span class='ocr_line' id='line_1_12' title="bbox 199 1694 1325 1780; baseline 0.002 -22"><span class='ocrx_word' id='word_1_78' title='bbox 199 1695 242 1759; x_wconf 83' lang='lat' dir='ltr'><strong>Et</strong></span> <span class='ocrx_word' id='word_1_79' title='bbox 273 1695 432 1778; x_wconf 92' lang='lat' dir='ltr'><strong>populum</strong></span> <span class='ocrx_word' id='word_1_80' title='bbox 465 1713 598 1778; x_wconf 90' lang='lat' dir='ltr'><strong>quoque</strong></span> <span class='ocrx_word' id='word_1_81' title='bbox 629 1715 755 1759; x_wconf 92' lang='lat' dir='ltr'><strong>annum</strong></span> <span class='ocrx_word' id='word_1_82' title='bbox 788 1694 838 1761; x_wconf 86' lang='lat'><strong>01.</strong></span> <span class='ocrx_word' id='word_1_83' title='bbox 871 1697 922 1774; x_wconf 84' lang='lat'><strong>86,</strong></span> <span class='ocrx_word' id='word_1_84' title='bbox 955 1696 985 1772; x_wconf 91' lang='grc'><strong>3,</strong></span> <span class='ocrx_word' id='word_1_85' title='bbox 1009 1716 1075 1780; x_wconf 89' lang='grc'><strong>444</strong></span> <span class='ocrx_word' id='word_1_86' title='bbox 1099 1698 1325 1780; x_wconf 88' lang='lat' dir='ltr'><strong>epimachiam</strong></span> 
     </span>
     <span class='ocr_line' id='line_1_13' title="bbox 199 1806 1326 1907; baseline 0.004 -36"><span class='ocrx_word' id='word_1_87' title='bbox 199 1826 274 1871; x_wconf 92' lang='lat' dir='ltr'><strong>cum</strong></span> <span class='ocrx_word' id='word_1_88' title='bbox 300 1806 492 1890; x_wconf 79' lang='lat' dir='ltr'><strong>Corcyraeis</strong></span> <span class='ocrx_word' id='word_1_89' title='bbox 514 1808 645 1872; x_wconf 90' lang='lat' dir='ltr'><strong>ioerunt</strong></span> <span class='ocrx_word' id='word_1_90' title='bbox 668 1807 896 1907; x_wconf 63' lang='lat' dir='ltr'><strong>Athenienses,</strong></span> <span class='ocrx_word' id='word_1_91' title='bbox 917 1809 1054 1872; x_wconf 92' lang='lat' dir='ltr'><strong>initium</strong></span> <span class='ocrx_word' id='word_1_92' title='bbox 1077 1809 1158 1873; x_wconf 88' lang='lat' dir='ltr'><strong>belli</strong></span> <span class='ocrx_word' id='word_1_93' title='bbox 1177 1809 1326 1887; x_wconf 85' lang='lat' dir='ltr'><strong>duxisse,</strong></span> 
     </span>
     <span class='ocr_line' id='line_1_14' title="bbox 200 1921 1324 2006; baseline 0.004 -21"><span class='ocrx_word' id='word_1_94' title='bbox 200 1940 218 1985; x_wconf 92' lang='lat' dir='ltr'><strong>e</strong></span> <span class='ocrx_word' id='word_1_95' title='bbox 241 1921 337 1985; x_wconf 86' lang='lat' dir='ltr'><strong>Pacis</strong></span> <span class='ocrx_word' id='word_1_96' title='bbox 360 1941 391 1985; x_wconf 86' lang='lat' dir='ltr'><strong>v.</strong></span> <span class='ocrx_word' id='word_1_97' title='bbox 417 1921 478 1983; x_wconf 89' lang='grc'><strong>990</strong></span> <span class='ocrx_word' id='word_1_98' title='bbox 504 1921 618 1999; x_wconf 85' lang='lat' dir='ltr'><strong>effecit,</strong></span> <span class='ocrx_word' id='word_1_99' title='bbox 642 1940 709 2004; x_wconf 93' lang='grc'><strong>444</strong></span> <span class='ocrx_word' id='word_1_100' title='bbox 732 1941 790 2004; x_wconf 95' lang='lat' dir='ltr'><strong>per</strong></span> <span class='ocrx_word' id='word_1_101' title='bbox 812 1923 968 1986; x_wconf 88' lang='lat' dir='ltr'><strong>tredecim</strong></span> <span class='ocrx_word' id='word_1_102' title='bbox 990 1923 1059 1985; x_wconf 88' lang='lat' dir='ltr'><strong>iam</strong></span> <span class='ocrx_word' id='word_1_103' title='bbox 1080 1942 1183 1987; x_wconf 92' lang='lat' dir='ltr'><strong>annos</strong></span> <span class='ocrx_word' id='word_1_104' title='bbox 1205 1942 1324 2006; x_wconf 87' lang='lat' dir='ltr'><strong>pacem</strong></span> 
     </span>
     <span class='ocr_line' id='line_1_15' title="bbox 200 2034 843 2118; baseline 0.002 -20"><span class='ocrx_word' id='word_1_105' title='bbox 200 2054 234 2099; x_wconf 91' lang='lat' dir='ltr'><strong>se</strong></span> <span class='ocrx_word' id='word_1_106' title='bbox 258 2035 465 2112; x_wconf 88' lang='lat' dir='ltr'><strong>desiderasse,</strong></span> <span class='ocrx_word' id='word_1_107' title='bbox 489 2035 641 2117; x_wconf 90' lang='lat' dir='ltr'><strong>queritur</strong></span> <span class='ocrx_word' id='word_1_108' title='bbox 664 2034 843 2118; x_wconf 83' lang='lat' dir='ltr'><strong>Trygaeus.</strong></span> 
     </span>
    </p>

    <p class='ocr_par' dir='ltr' id='par_1_5' title="bbox 161 2146 1326 2570">
     <span class='ocr_line' id='line_1_16' title="bbox 244 2146 1325 2230; baseline 0.004 -20"><span class='ocrx_word' id='word_1_109' title='bbox 244 2147 354 2210; x_wconf 91' lang='lat' dir='ltr'><strong>Huius</strong></span> <span class='ocrx_word' id='word_1_110' title='bbox 390 2153 500 2210; x_wconf 91' lang='lat' dir='ltr'><strong>tamen</strong></span> <span class='ocrx_word' id='word_1_111' title='bbox 537 2146 600 2210; x_wconf 88' lang='lat' dir='ltr'><strong>loci</strong></span> <span class='ocrx_word' id='word_1_112' title='bbox 635 2147 762 2230; x_wconf 90' lang='lat' dir='ltr'><strong>pondus</strong></span> <span class='ocrx_word' id='word_1_113' title='bbox 792 2148 970 2227; x_wconf 90' lang='lat' dir='ltr'><strong>minuitur,</strong></span> <span class='ocrx_word' id='word_1_114' title='bbox 1004 2154 1041 2212; x_wconf 94' lang='lat' dir='ltr'><strong>ut</strong></span> <span class='ocrx_word' id='word_1_115' title='bbox 1064 2149 1148 2212; x_wconf 91' lang='lat' dir='ltr'><strong>mihi</strong></span> <span class='ocrx_word' id='word_1_116' title='bbox 1173 2150 1325 2229; x_wconf 82' lang='lat' dir='ltr'><strong>ridetur,</strong></span> 
     </span>
     <span class='ocr_line' id='line_1_17' title="bbox 161 2260 1326 2348; baseline 0.004 -26"><span class='ocrx_word' id='word_1_117' title='bbox 161 2311 166 2322; x_wconf 95' lang='lat'>.</span> <span class='ocrx_word' id='word_1_118' title='bbox 199 2260 463 2325; x_wconf 90' lang='lat' dir='ltr'><strong>Acharnensium</strong></span> <span class='ocrx_word' id='word_1_119' title='bbox 496 2280 525 2322; x_wconf 89' lang='lat' dir='ltr'><strong>v.</strong></span> <span class='ocrx_word' id='word_1_120' title='bbox 558 2261 620 2322; x_wconf 81' lang='lat'><strong>266</strong></span> <span class='ocrx_word' id='word_1_121' title='bbox 648 2265 681 2324; x_wconf 90' lang='grc'><strong>41</strong></span> <span class='ocrx_word' id='word_1_122' title='bbox 704 2261 809 2344; x_wconf 87' lang='lat' dir='ltr'><strong>magis</strong></span> <span class='ocrx_word' id='word_1_123' title='bbox 832 2262 934 2325; x_wconf 90' lang='lat' dir='ltr'><strong>etiam</strong></span> <span class='ocrx_word' id='word_1_124' title='bbox 959 2261 1119 2346; x_wconf 81' lang='lat' dir='ltr'><strong>Equitum</strong></span> <span class='ocrx_word' id='word_1_125' title='bbox 1145 2283 1176 2324; x_wconf 84' lang='lat' dir='ltr'><strong>v.</strong></span> <span class='ocrx_word' id='word_1_126' title='bbox 1206 2264 1270 2327; x_wconf 86' lang='grc'><strong>793</strong></span> <span class='ocrx_word' id='word_1_127' title='bbox 1285 2262 1326 2348; x_wconf 76' lang='lat'><strong>²).</strong></span> 
     </span>
     <span class='ocr_line' id='line_1_18' title="bbox 200 2373 1321 2457; baseline 0.004 -19"><span class='ocrx_word' id='word_1_128' title='bbox 200 2374 374 2439; x_wconf 88' lang='lat' dir='ltr'><strong>Praeterea</strong></span> <span class='ocrx_word' id='word_1_129' title='bbox 409 2373 489 2438; x_wconf 89' lang='lat' dir='ltr'><strong>Ach.</strong></span> <span class='ocrx_word' id='word_1_130' title='bbox 526 2393 556 2436; x_wconf 86' lang='lat' dir='ltr'><strong>v.</strong></span> <span class='ocrx_word' id='word_1_131' title='bbox 592 2375 655 2436; x_wconf 81' lang='lat'><strong>528</strong></span> <span class='ocrx_word' id='word_1_132' title='bbox 680 2392 749 2457; x_wconf 89' lang='lat' dir='ltr'><strong>sqq.</strong></span> <span class='ocrx_word' id='word_1_133' title='bbox 784 2379 857 2457; x_wconf 95' lang='lat' dir='ltr'><strong>post</strong></span> <span class='ocrx_word' id='word_1_134' title='bbox 893 2375 972 2439; x_wconf 87' lang='lat' dir='ltr'><strong>belli</strong></span> <span class='ocrx_word' id='word_1_135' title='bbox 1006 2375 1142 2439; x_wconf 91' lang='lat' dir='ltr'><strong>demum</strong></span> <span class='ocrx_word' id='word_1_136' title='bbox 1178 2376 1321 2442; x_wconf 89' lang='lat' dir='ltr'><strong>initium</strong></span> 
     </span>
     <span class='ocr_line' id='line_1_19' title="bbox 199 2487 858 2570; baseline 0 -20"><span class='ocrx_word' id='word_1_137' title='bbox 199 2491 390 2550; x_wconf 89' lang='lat' dir='ltr'><strong>enarratum</strong></span> <span class='ocrx_word' id='word_1_138' title='bbox 413 2487 643 2570; x_wconf 90' lang='lat' dir='ltr'><strong>psephismstis</strong></span> <span class='ocrx_word' id='word_1_139' title='bbox 665 2487 703 2549; x_wconf 88' lang='lat' dir='ltr'><strong>fit</strong></span> <span class='ocrx_word' id='word_1_140' title='bbox 727 2487 858 2552; x_wconf 89' lang='lat' dir='ltr'><strong>mentio.</strong></span> 
     </span>
    </p>

    <p class='ocr_par' dir='ltr' id='par_1_6' title="bbox 198 2596 1325 3251">
     <span class='ocr_line' id='line_1_20' title="bbox 243 2596 1321 2683; baseline 0.006 -21"><span class='ocrx_word' id='word_1_141' title='bbox 243 2596 431 2679; x_wconf 77' lang='lat' dir='ltr'><strong>Quominus</strong></span> <span class='ocrx_word' id='word_1_142' title='bbox 454 2607 566 2664; x_wconf 90' lang='lat' dir='ltr'><strong>autem</strong></span> <span class='ocrx_word' id='word_1_143' title='bbox 587 2620 662 2665; x_wconf 90' lang='lat' dir='ltr'><strong>cum</strong></span> <span class='ocrx_word' id='word_1_144' title='bbox 684 2597 881 2683; x_wconf 65' lang='lat' dir='ltr'><strong>Muellaross)</strong></span> <span class='ocrx_word' id='word_1_145' title='bbox 901 2606 1321 2680; x_wconf 89' lang='lat' dir='ltr'><strong>sumamus,anteannum</strong></span> 
     </span>
     <span class='ocr_line' id='line_1_21' title="bbox 198 2714 1324 2798; baseline 0.004 -22"><span class='ocrx_word' id='word_1_146' title='bbox 198 2714 263 2776; x_wconf 87' lang='grc'><strong>434</strong></span> <span class='ocrx_word' id='word_1_147' title='bbox 295 2715 461 2778; x_wconf 88' lang='lat' dir='ltr'><strong>decretum</strong></span> <span class='ocrx_word' id='word_1_148' title='bbox 492 2733 559 2778; x_wconf 89' lang='grc'><strong>4444</strong></span> <span class='ocrx_word' id='word_1_149' title='bbox 582 2715 778 2797; x_wconf 89' lang='lat' dir='ltr'><strong>psephisma,</strong></span> <span class='ocrx_word' id='word_1_150' title='bbox 803 2715 864 2778; x_wconf 92' lang='lat' dir='ltr'><strong>hoc</strong></span> <span class='ocrx_word' id='word_1_151' title='bbox 889 2715 1007 2792; x_wconf 89' lang='lat' dir='ltr'><strong>obstat,</strong></span> <span class='ocrx_word' id='word_1_152' title='bbox 1032 2715 1118 2798; x_wconf 92' lang='lat' dir='ltr'><strong>quod</strong></span> <span class='ocrx_word' id='word_1_153' title='bbox 1142 2721 1225 2781; x_wconf 90' lang='lat' dir='ltr'><strong>tunc</strong></span> <span class='ocrx_word' id='word_1_154' title='bbox 1249 2719 1324 2781; x_wconf 89' lang='lat' dir='ltr'><strong>nul·</strong></span> 
     </span>
     <span class='ocr_line' id='line_1_22' title="bbox 198 2824 1322 2911; baseline 0.006 -23"><span class='ocrx_word' id='word_1_155' title='bbox 198 2827 262 2890; x_wconf 91' lang='lat' dir='ltr'><strong>lius</strong></span> <span class='ocrx_word' id='word_1_156' title='bbox 294 2827 373 2892; x_wconf 88' lang='lat' dir='ltr'><strong>belli</strong></span> <span class='ocrx_word' id='word_1_157' title='bbox 404 2845 503 2890; x_wconf 89' lang='lat' dir='ltr'><strong>causa</strong></span> <span class='ocrx_word' id='word_1_158' title='bbox 532 2827 566 2889; x_wconf 92' lang='lat' dir='ltr'><strong>id</strong></span> <span class='ocrx_word' id='word_1_159' title='bbox 598 2827 707 2890; x_wconf 88' lang='lat' dir='ltr'><strong>fuerit.</strong></span> <span class='ocrx_word' id='word_1_160' title='bbox 736 2824 809 2890; x_wconf 85' lang='lat' dir='ltr'><strong>Non</strong></span> <span class='ocrx_word' id='word_1_161' title='bbox 834 2828 923 2891; x_wconf 92' lang='lat' dir='ltr'><strong>enim</strong></span> <span class='ocrx_word' id='word_1_162' title='bbox 948 2847 988 2892; x_wconf 85' lang='lat' dir='ltr'><strong>ex</strong></span> <span class='ocrx_word' id='word_1_163' title='bbox 1011 2828 1071 2892; x_wconf 90' lang='lat' dir='ltr'><strong>illo</strong></span> <span class='ocrx_word' id='word_1_164' title='bbox 1094 2829 1322 2911; x_wconf 87' lang='lat' dir='ltr'><strong>psephismate</strong></span> 
     </span>
     <span class='ocr_line' id='line_1_23' title="bbox 199 2939 1325 3026; baseline 0.002 -22"><span class='ocrx_word' id='word_1_165' title='bbox 199 2947 308 3004; x_wconf 90' lang='lat' dir='ltr'><strong>ortum</strong></span> <span class='ocrx_word' id='word_1_166' title='bbox 343 2946 391 3004; x_wconf 90' lang='lat' dir='ltr'><strong>est</strong></span> <span class='ocrx_word' id='word_1_167' title='bbox 418 2939 678 3022; x_wconf 81' lang='lat' dir='ltr'><strong>Corcyraeorum</strong></span> <span class='ocrx_word' id='word_1_168' title='bbox 703 2940 842 3019; x_wconf 85' lang='lat' dir='ltr'><strong>beilum,</strong></span> <span class='ocrx_word' id='word_1_169' title='bbox 866 2942 906 3004; x_wconf 96' lang='lat' dir='ltr'><strong>de</strong></span> <span class='ocrx_word' id='word_1_170' title='bbox 929 2959 994 3024; x_wconf 90' lang='lat' dir='ltr'><strong>quo</strong></span> <span class='ocrx_word' id='word_1_171' title='bbox 1017 2947 1187 3024; x_wconf 88' lang='lat' dir='ltr'><strong>praeterea</strong></span> <span class='ocrx_word' id='word_1_172' title='bbox 1210 2945 1325 3026; x_wconf 86' lang='lat' dir='ltr'><strong>gravi·</strong></span> 
     </span>
     <span class='ocr_line' id='line_1_24' title="bbox 198 3052 1324 3138; baseline 0.005 -22"><span class='ocrx_word' id='word_1_173' title='bbox 198 3058 247 3117; x_wconf 90' lang='lat' dir='ltr'><strong>ter</strong></span> <span class='ocrx_word' id='word_1_174' title='bbox 281 3055 374 3137; x_wconf 89' lang='lat' dir='ltr'><strong>queri</strong></span> <span class='ocrx_word' id='word_1_175' title='bbox 408 3074 474 3118; x_wconf 92' lang='grc'><strong>444</strong></span> <span class='ocrx_word' id='word_1_176' title='bbox 509 3059 661 3135; x_wconf 88' lang='lat' dir='ltr'><strong>poterant</strong></span> <span class='ocrx_word' id='word_1_177' title='bbox 696 3052 925 3118; x_wconf 85' lang='lat' dir='ltr'><strong>Athenienses.</strong></span> <span class='ocrx_word' id='word_1_178' title='bbox 964 3055 1059 3118; x_wconf 90' lang='lat' dir='ltr'><strong>Pacis</strong></span> <span class='ocrx_word' id='word_1_179' title='bbox 1093 3055 1196 3138; x_wconf 82' lang='lat' dir='ltr'><strong>igitur</strong></span> <span class='ocrx_word' id='word_1_180' title='bbox 1229 3057 1324 3123; x_wconf 91' lang='lat' dir='ltr'><strong>loeus</strong></span> 
     </span>
     <span class='ocr_line' id='line_1_25' title="bbox 199 3168 1321 3251; baseline 0.005 -23"><span class='ocrx_word' id='word_1_181' title='bbox 199 3168 242 3250; x_wconf 88' lang='lat' dir='ltr'><strong>(v.</strong></span> <span class='ocrx_word' id='word_1_182' title='bbox 270 3168 344 3249; x_wconf 88' lang='grc'><strong>669)</strong></span> <span class='ocrx_word' id='word_1_183' title='bbox 368 3168 526 3251; x_wconf 89' lang='lat' dir='ltr'><strong>explicari</strong></span> <span class='ocrx_word' id='word_1_184' title='bbox 551 3186 619 3231; x_wconf 91' lang='lat' dir='ltr'><strong>non</strong></span> <span class='ocrx_word' id='word_1_185' title='bbox 643 3173 759 3251; x_wconf 90' lang='lat' dir='ltr'><strong>potest,</strong></span> <span class='ocrx_word' id='word_1_186' title='bbox 784 3169 848 3231; x_wconf 89' lang='lat' dir='ltr'><strong>nisi</strong></span> <span class='ocrx_word' id='word_1_187' title='bbox 872 3188 940 3232; x_wconf 93' lang='lat' dir='ltr'><strong>non</strong></span> <span class='ocrx_word' id='word_1_188' title='bbox 966 3168 1072 3233; x_wconf 90' lang='lat' dir='ltr'><strong>multo</strong></span> <span class='ocrx_word' id='word_1_189' title='bbox 1091 3173 1169 3233; x_wconf 91' lang='lat' dir='ltr'><strong>ante</strong></span> <span class='ocrx_word' id='word_1_190' title='bbox 1187 3187 1321 3234; x_wconf 90' lang='lat' dir='ltr'><strong>annum</strong></span> 
     </span>
    </p>
   </div>
   <div class='ocr_carea' id='block_1_3' title="bbox 197 3281 1322 3818">
    <p class='ocr_par' dir='ltr' id='par_1_7' title="bbox 197 3281 1322 3818">
     <span class='ocr_line' id='line_1_26' title="bbox 198 3281 1321 3368; baseline 0.006 -24"><span class='ocrx_word' id='word_1_191' title='bbox 198 3281 260 3344; x_wconf 88' lang='grc'><strong>431</strong></span> <span class='ocrx_word' id='word_1_192' title='bbox 298 3283 514 3345; x_wconf 90' lang='lat' dir='ltr'><strong>constitutum</strong></span> <span class='ocrx_word' id='word_1_193' title='bbox 553 3286 601 3345; x_wconf 88' lang='lat' dir='ltr'><strong>est</strong></span> <span class='ocrx_word' id='word_1_194' title='bbox 635 3282 831 3365; x_wconf 90' lang='lat' dir='ltr'><strong>psephisma,</strong></span> <span class='ocrx_word' id='word_1_195' title='bbox 868 3301 955 3366; x_wconf 88' lang='lat' dir='ltr'><strong>quae</strong></span> <span class='ocrx_word' id='word_1_196' title='bbox 986 3282 1084 3348; x_wconf 85' lang='lat' dir='ltr'><strong>solita</strong></span> <span class='ocrx_word' id='word_1_197' title='bbox 1114 3288 1162 3348; x_wconf 91' lang='lat' dir='ltr'><strong>est</strong></span> <span class='ocrx_word' id='word_1_198' title='bbox 1192 3287 1321 3368; x_wconf 92' lang='lat' dir='ltr'><strong>opinio.</strong></span> 
     </span>
     <span class='ocr_line' id='line_1_27' title="bbox 198 3393 1322 3480; baseline 0.003 -23"><span class='ocrx_word' id='word_1_199' title='bbox 198 3393 294 3458; x_wconf 88' lang='lat' dir='ltr'><strong>Unde</strong></span> <span class='ocrx_word' id='word_1_200' title='bbox 325 3395 484 3477; x_wconf 87' lang='lat' dir='ltr'><strong>seqnitur,</strong></span> <span class='ocrx_word' id='word_1_201' title='bbox 516 3413 625 3477; x_wconf 88' lang='lat' dir='ltr'><strong>neque</strong></span> <span class='ocrx_word' id='word_1_202' title='bbox 649 3395 773 3458; x_wconf 91' lang='lat' dir='ltr'><strong>bellum</strong></span> <span class='ocrx_word' id='word_1_203' title='bbox 798 3393 1032 3477; x_wconf 79' lang='lat' dir='ltr'><strong>Corcyraeum,</strong></span> <span class='ocrx_word' id='word_1_204' title='bbox 1057 3415 1166 3480; x_wconf 91' lang='grc'><strong>44444</strong></span> <span class='ocrx_word' id='word_1_205' title='bbox 1187 3398 1322 3480; x_wconf 89' lang='lat' dir='ltr'><strong>expedi-</strong></span> 
     </span>
     <span class='ocr_line' id='line_1_28' title="bbox 197 3508 1319 3594; baseline 0.005 -24"><span class='ocrx_word' id='word_1_206' title='bbox 197 3509 322 3572; x_wconf 88' lang='lat' dir='ltr'><strong>tionem</strong></span> <span class='ocrx_word' id='word_1_207' title='bbox 358 3515 472 3573; x_wconf 90' lang='lat' dir='ltr'><strong>contra</strong></span> <span class='ocrx_word' id='word_1_208' title='bbox 505 3508 696 3573; x_wconf 88' lang='lat' dir='ltr'><strong>Potidaaam</strong></span> <span class='ocrx_word' id='word_1_209' title='bbox 732 3528 753 3571; x_wconf 91' lang='lat' dir='ltr'><strong>a</strong></span> <span class='ocrx_word' id='word_1_210' title='bbox 788 3509 922 3574; x_wconf 85' lang='lat' dir='ltr'><strong>Graecis</strong></span> <span class='ocrx_word' id='word_1_211' title='bbox 956 3530 1034 3574; x_wconf 92' lang='lat' dir='ltr'><strong>cum</strong></span> <span class='ocrx_word' id='word_1_212' title='bbox 1071 3530 1192 3594; x_wconf 86' lang='lat' dir='ltr'><strong>magno</strong></span> <span class='ocrx_word' id='word_1_213' title='bbox 1230 3512 1319 3577; x_wconf 89' lang='lat' dir='ltr'><strong>bello</strong></span> 
     </span>
     <span class='ocr_line' id='line_1_29' title="bbox 197 3622 1320 3707; baseline 0.003 -22"><span class='ocrx_word' id='word_1_214' title='bbox 197 3623 375 3686; x_wconf 89' lang='lat' dir='ltr'><strong>coniuncta</strong></span> <span class='ocrx_word' id='word_1_215' title='bbox 404 3641 481 3686; x_wconf 90' lang='lat' dir='ltr'><strong>esse.</strong></span> <span class='ocrx_word' id='word_1_216' title='bbox 514 3623 567 3686; x_wconf 88' lang='lat' dir='ltr'><strong>Sic</strong></span> <span class='ocrx_word' id='word_1_217' title='bbox 597 3623 804 3704; x_wconf 89' lang='lat' dir='ltr'><strong>Thucydides</strong></span> <span class='ocrx_word' id='word_1_218' title='bbox 834 3642 964 3707; x_wconf 90' lang='lat' dir='ltr'><strong>quoque</strong></span> <span class='ocrx_word' id='word_1_219' title='bbox 986 3624 1075 3688; x_wconf 89' lang='lat' dir='ltr'><strong>inter</strong></span> <span class='ocrx_word' id='word_1_220' title='bbox 1098 3622 1178 3688; x_wconf 89' lang='lat' dir='ltr'><strong>belli</strong></span> <span class='ocrx_word' id='word_1_221' title='bbox 1201 3644 1320 3689; x_wconf 88' lang='lat' dir='ltr'><strong>causas</strong></span> 
     </span>
     <span class='ocr_line' id='line_1_30' title="bbox 197 3733 1318 3818; baseline 0.002 -20"><span class='ocrx_word' id='word_1_222' title='bbox 197 3754 236 3798; x_wconf 92' lang='lat' dir='ltr'><strong>ea</strong></span> <span class='ocrx_word' id='word_1_223' title='bbox 271 3736 463 3798; x_wconf 87' lang='lat' dir='ltr'><strong>nominavit</strong></span> <span class='ocrx_word' id='word_1_224' title='bbox 496 3741 529 3800; x_wconf 91' lang='lat' dir='ltr'><strong>et</strong></span> <span class='ocrx_word' id='word_1_225' title='bbox 562 3735 689 3818; x_wconf 90' lang='lat' dir='ltr'><strong>scripsit</strong></span> <span class='ocrx_word' id='word_1_226' title='bbox 711 3735 737 3814; x_wconf 94' lang='lat' dir='ltr'><strong>I,</strong></span> <span class='ocrx_word' id='word_1_227' title='bbox 763 3737 820 3799; x_wconf 89' lang='lat'><strong>66:</strong></span> <span class='ocrx_word' id='word_1_228' title='bbox 846 3735 878 3799; x_wconf 78' lang='grc' dir='ltr'><strong>οὐ</strong></span> <span class='ocrx_word' id='word_1_229' title='bbox 900 3734 998 3814; x_wconf 80' lang='grc' dir='ltr'><em>μέντοι</em></span> <span class='ocrx_word' id='word_1_230' title='bbox 1021 3733 1038 3799; x_wconf 77' lang='grc' dir='ltr'><em>ὅ</em></span> <span class='ocrx_word' id='word_1_231' title='bbox 1058 3759 1095 3814; x_wconf 76' lang='grc' dir='ltr'><strong>γε</strong></span> <span class='ocrx_word' id='word_1_232' title='bbox 1117 3734 1249 3814; x_wconf 72' lang='grc' dir='ltr'><strong>πόλεμός</strong></span> <span class='ocrx_word' id='word_1_233' title='bbox 1272 3761 1318 3801; x_wconf 75' lang='lat' dir='ltr'><strong>uu</strong></span> 
     </span>
    </p>
   </div>
   <div class='ocr_carea' id='block_1_4' title="bbox 193 3990 1317 4615">
    <p class='ocr_par' dir='ltr' id='par_1_8' title="bbox 196 3990 1177 4246">
     <span class='ocr_line' id='line_1_31' title="bbox 232 3990 1177 4061; baseline 0.001 -15"><span class='ocrx_word' id='word_1_234' title='bbox 232 3996 256 4060; x_wconf 85' lang='lat'><strong>1)</strong></span> <span class='ocrx_word' id='word_1_235' title='bbox 276 3994 419 4057; x_wconf 72' lang='grc' dir='ltr'><strong><em>Περικλέης.</em></strong></span> <span class='ocrx_word' id='word_1_236' title='bbox 430 4033 436 4047; x_wconf 91' lang='grc'><strong>.</strong></span> <span class='ocrx_word' id='word_1_237' title='bbox 447 4034 453 4047; x_wconf 94' lang='grc'><strong>.</strong></span> <span class='ocrx_word' id='word_1_238' title='bbox 464 4034 469 4044; x_wconf 95' lang='grc'><strong>.</strong></span> <span class='ocrx_word' id='word_1_239' title='bbox 480 4034 486 4046; x_wconf 98' lang='grc'><strong>.</strong></span> <span class='ocrx_word' id='word_1_240' title='bbox 497 3993 621 4058; x_wconf 75' lang='grc' dir='ltr'><strong>,ἐμβαλὼν</strong></span> <span class='ocrx_word' id='word_1_241' title='bbox 639 3995 751 4056; x_wconf 73' lang='grc' dir='ltr'><strong>σπινθῆρα</strong></span> <span class='ocrx_word' id='word_1_242' title='bbox 766 3997 845 4057; x_wconf 74' lang='grc' dir='ltr'><strong><em>μικρὸν</em></strong></span> <span class='ocrx_word' id='word_1_243' title='bbox 863 3990 1002 4059; x_wconf 70' lang='grc' dir='ltr'><strong><em>Μεγαρικοῦ</em></strong></span> <span class='ocrx_word' id='word_1_244' title='bbox 1018 3997 1177 4061; x_wconf 70' lang='grc' dir='ltr'><strong>ψηφίσματος</strong></span> 
     </span>
     <span class='ocr_line' id='line_1_32' title="bbox 512 4086 1033 4153; baseline 0.01 -17"><span class='ocrx_word' id='word_1_245' title='bbox 512 4086 678 4153; x_wconf 59' lang='lat' dir='ltr'><strong>respectasset</strong></span> <span class='ocrx_word' id='word_1_246' title='bbox 695 4090 808 4137; x_wconf 67' lang='grc' dir='ltr'><strong>τοσοῦτον</strong></span> <span class='ocrx_word' id='word_1_247' title='bbox 825 4091 930 4150; x_wconf 77' lang='grc' dir='ltr'><strong><em>πόλεμον</em></strong></span> <span class='ocrx_word' id='word_1_248' title='bbox 946 4107 1002 4142; x_wconf 72' lang='lat' dir='ltr'><strong>m.</strong></span> <span class='ocrx_word' id='word_1_249' title='bbox 1013 4088 1033 4142; x_wconf 71' lang='grc' dir='ltr'><strong>ὅ.</strong></span> 
     </span>
     <span class='ocr_line' id='line_1_33' title="bbox 196 4177 892 4246; baseline 0 -14"><span class='ocrx_word' id='word_1_250' title='bbox 196 4184 238 4243; x_wconf 88' lang='grc'><strong>(44</strong></span> <span class='ocrx_word' id='word_1_251' title='bbox 258 4179 391 4243; x_wconf 69' lang='lat' dir='ltr'><strong>oesypo?</strong></span> <span class='ocrx_word' id='word_1_252' title='bbox 409 4193 440 4232; x_wconf 84' lang='lat' dir='ltr'><strong>er</strong></span> <span class='ocrx_word' id='word_1_253' title='bbox 458 4177 567 4246; x_wconf 86' lang='lat' dir='ltr'><strong>pulchra</strong></span> <span class='ocrx_word' id='word_1_254' title='bbox 584 4177 705 4232; x_wconf 85' lang='lat' dir='ltr'><strong>Muelleri</strong></span> <span class='ocrx_word' id='word_1_255' title='bbox 722 4178 892 4246; x_wconf 88' lang='lat' dir='ltr'><strong>coniectura).</strong></span> 
     </span>
    </p>

    <p class='ocr_par' dir='ltr' id='par_1_9' title="bbox 193 4269 1317 4521">
     <span class='ocr_line' id='line_1_34' title="bbox 230 4269 1317 4342; baseline 0.002 -20"><span class='ocrx_word' id='word_1_256' title='bbox 230 4272 257 4334; x_wconf 73' lang='lat'><strong>2)</strong></span> <span class='ocrx_word' id='word_1_257' title='bbox 283 4270 348 4324; x_wconf 85' lang='lat' dir='ltr'><strong>th.</strong></span> <span class='ocrx_word' id='word_1_258' title='bbox 370 4287 394 4324; x_wconf 86' lang='lat' dir='ltr'><strong>v.</strong></span> <span class='ocrx_word' id='word_1_259' title='bbox 418 4271 467 4324; x_wconf 78' lang='lat'><strong>266</strong></span> <span class='ocrx_word' id='word_1_260' title='bbox 491 4269 522 4322; x_wconf 86' lang='lat' dir='ltr'><strong>de</strong></span> <span class='ocrx_word' id='word_1_261' title='bbox 546 4285 614 4322; x_wconf 81' lang='lat' dir='ltr'><strong>anno</strong></span> <span class='ocrx_word' id='word_1_262' title='bbox 634 4270 684 4324; x_wconf 75' lang='lat'><strong>425</strong></span> <span class='ocrx_word' id='word_1_263' title='bbox 701 4270 826 4339; x_wconf 80' lang='lat' dir='ltr'><strong>legimus:</strong></span> <span class='ocrx_word' id='word_1_264' title='bbox 842 4272 904 4335; x_wconf 65' lang='grc' dir='ltr'><strong><em>’ἕκτῳ</em></strong></span> <span class='ocrx_word' id='word_1_265' title='bbox 921 4273 945 4323; x_wconf 77' lang='lat' dir='ltr'><strong>c’</strong></span> <span class='ocrx_word' id='word_1_266' title='bbox 964 4273 1013 4322; x_wconf 68' lang='grc' dir='ltr'><strong>ἔτει</strong></span> <span class='ocrx_word' id='word_1_267' title='bbox 1030 4270 1167 4335; x_wconf 52' lang='grc'><strong>4444414444</strong></span> <span class='ocrx_word' id='word_1_268' title='bbox 1185 4271 1276 4342; x_wconf 74' lang='lat' dir='ltr'><strong>Equit.</strong></span> <span class='ocrx_word' id='word_1_269' title='bbox 1294 4289 1317 4327; x_wconf 83' lang='lat' dir='ltr'><strong>v.</strong></span> 
     </span>
     <span class='ocr_line' id='line_1_35' title="bbox 196 4361 1315 4434; baseline 0.002 -17"><span class='ocrx_word' id='word_1_270' title='bbox 196 4364 244 4417; x_wconf 84' lang='grc'><strong>793</strong></span> <span class='ocrx_word' id='word_1_271' title='bbox 263 4362 294 4417; x_wconf 89' lang='lat' dir='ltr'><strong>dc</strong></span> <span class='ocrx_word' id='word_1_272' title='bbox 311 4379 379 4416; x_wconf 90' lang='lat' dir='ltr'><strong>anno</strong></span> <span class='ocrx_word' id='word_1_273' title='bbox 395 4363 459 4416; x_wconf 78' lang='lat'><strong>424:</strong></span> <span class='ocrx_word' id='word_1_274' title='bbox 476 4361 530 4420; x_wconf 75' lang='grc' dir='ltr'><em>’ἔτος</em></span> <span class='ocrx_word' id='word_1_275' title='bbox 548 4361 632 4425; x_wconf 70' lang='lat' dir='ltr'><strong>’cytoro</strong></span> <span class='ocrx_word' id='word_1_276' title='bbox 647 4362 688 4412; x_wconf 74' lang='grc' dir='ltr'><strong>οὐκ</strong></span> <span class='ocrx_word' id='word_1_277' title='bbox 703 4361 822 4424; x_wconf 68' lang='grc' dir='ltr'><strong>ἐλεαίρεις.</strong></span> <span class='ocrx_word' id='word_1_278' title='bbox 838 4362 924 4416; x_wconf 88' lang='lat' dir='ltr'><strong>Huius</strong></span> <span class='ocrx_word' id='word_1_279' title='bbox 938 4363 990 4417; x_wconf 91' lang='lat' dir='ltr'><strong>loci</strong></span> <span class='ocrx_word' id='word_1_280' title='bbox 1005 4363 1152 4432; x_wconf 82' lang='lat' dir='ltr'><strong>explicatio,</strong></span> <span class='ocrx_word' id='word_1_281' title='bbox 1168 4380 1315 4434; x_wconf 88' lang='lat' dir='ltr'><strong>quampro-</strong></span> 
     </span>
     <span class='ocr_line' id='line_1_36' title="bbox 193 4451 959 4521; baseline 0.003 -13"><span class='ocrx_word' id='word_1_282' title='bbox 193 4451 258 4509; x_wconf 85' lang='lat' dir='ltr'><strong>t&#39;ulit</strong></span> <span class='ocrx_word' id='word_1_283' title='bbox 275 4455 356 4521; x_wconf 87' lang='lat' dir='ltr'><strong>Koch,</strong></span> <span class='ocrx_word' id='word_1_284' title='bbox 375 4455 480 4509; x_wconf 89' lang='lat' dir='ltr'><strong>omnino</strong></span> <span class='ocrx_word' id='word_1_285' title='bbox 497 4469 548 4508; x_wconf 90' lang='lat' dir='ltr'><strong>non</strong></span> <span class='ocrx_word' id='word_1_286' title='bbox 566 4453 673 4508; x_wconf 85' lang='lat' dir='ltr'><strong>ferenda</strong></span> <span class='ocrx_word' id='word_1_287' title='bbox 691 4468 748 4508; x_wconf 86' lang='grc'><strong>4444</strong></span> <span class='ocrx_word' id='word_1_288' title='bbox 764 4453 831 4507; x_wconf 90' lang='lat' dir='ltr'><strong>mihi</strong></span> <span class='ocrx_word' id='word_1_289' title='bbox 848 4454 959 4510; x_wconf 85' lang='lat' dir='ltr'><strong>videtur.</strong></span> 
     </span>
    </p>

    <p class='ocr_par' dir='ltr' id='par_1_10' title="bbox 228 4545 561 4615">
     <span class='ocr_line' id='line_1_37' title="bbox 228 4545 561 4615; baseline 0.003 -15"><span class='ocrx_word' id='word_1_290' title='bbox 228 4547 255 4615; x_wconf 87' lang='lat'><strong>3)</strong></span> <span class='ocrx_word' id='word_1_291' title='bbox 272 4547 360 4602; x_wconf 78' lang='lat' dir='ltr'><strong>Fleck.</strong></span> <span class='ocrx_word' id='word_1_292' title='bbox 378 4545 470 4602; x_wconf 82' lang='lat' dir='ltr'><strong>Jahrb.</strong></span> <span class='ocrx_word' id='word_1_293' title='bbox 489 4545 561 4601; x_wconf 75' lang='lat'>1882.</span> 
     </span>
    </p>
   </div>
   <div class='ocr_carea' id='block_1_5' title="bbox 0 0 1528 5214">
    <p class='ocr_par' dir='ltr' id='par_1_11' title="bbox 0 0 1528 5214">
     <span class='ocr_line' id='line_1_38' title="bbox 0 0 1528 5214; baseline 0 1"><span class='ocrx_word' id='word_1_294' title='bbox 0 0 1528 5214; x_wconf 95' lang='lat' dir='ltr'><strong> </strong></span> 
     </span>
    </p>
   </div>
  </div>
 </body>
</html>
